2014 2810
325 81 533 158 sarranaorr
552 103 576 157 1.
594 107 620 156 2.
826 95 879 151 131

79 201 241 259 Immieoere.
275 201 330 256 'iuo
342 201 408 255 vitio
419 219 540 256 rerumne
551 202 659 272 labores,

78 272 128 328 Nil
142 273 236 326 referre
248 271 343 342 putari
362 271 455 338 Quare,
467 289 500 325 ne
512 273 639 341 poeniteat
651 281 685 342 te,

78 341 180 398 Desine
192 349 324 395 matronas
336 341 466 408 sectarier,
479 342 548 394 unde
561 341 655 395 laboris

80 411 148 465 Plus
161 412 266 464 haurire
277 412 341 464 mali
354 417 393 464 est
405 427 483 480 quam
496 429 529 464 ex
542 429 570 464 re
582 412 645 465 dece
677 430 719 465 ere
730 414 840 468 fructus.

80 480 139 534 Nec
151 481 236 550 magis
248 479 310 533 huie
322 479 391 533 inter
403 482 491 533 niveos
504 481 651 550 viridesque
674 483 766 550 apillos
777 513 813 523 -
839 487 873 538 80

80 550 160 605 —sit
176 551 238 604 lieet
254 551 310 618 hoc,
324 551 454 619 Cerintho,
469 558 718 605 tuum-tenerum
735 560 774 606 est
788 554 874 606 femur

154 627 273 673 anterus

82 689 208 754 Rectius;
226 697 307 758 atque
319 689 400 744 etiam
411 689 506 742 melius
517 708 631 762 persaepe
643 695 741 760 togatae
753 703 799 746 est.

82 759 160 813 Adde
172 759 232 826 huo,
244 760 314 828 quod
326 778 437 814 meroem
451 760 507 812 sine
518 760 585 814 sucis
597 767 690 830 gestat,
704 769 794 831 aperte

83 829 163 890 Quod
176 830 268 882 venale
280 827 360 882 habet
372 829 493 895 ostendit,
506 847 562 897 neo,
575 832 596 883 si
609 832 673 900 quid
685 832 789 884 honesti
801 837 847 899 ost,

83 899 103 951 J
104 905 178 952 aetat
189 899 321 968 habetque
333 899 428 968 palam,
441 899 536 966 quaerit
548 918 599 969 quo
612 902 701 971 turpia
712 901 785 954 celet.

84 968 201 1036 Regibus
214 968 257 1022 hio
269 987 324 1022 mos
336 975 383 1029 est,
396 968 440 1022 ubi
453 985 532 1037 equos
543 978 704 1024 mercantur:
723 976 826 1040 opertos

84 1038 243 1106 Inspiciunt‚
255 1056 296 1098 ue.
309 1037 429 1103 aisaciae,
443 1045 473 1090 ut
485 1056 562 1107 saepe,
575 1040 667 1092 deeora

84 1107 161 1160 Molli
174 1108 243 1160 fulta
255 1108 321 1177 pede
332 1115 380 1173 est,
392 1115 535 1175 emptorem
547 1108 656 1161 inducat
668 1109 793 1176 hiantem,

85 1177 161 1240 Quod
174 1177 290 1246 pulchrae
303 1178 400 1244 clunes,
413 1176 490 1229 breve
502 1177 571 1245 quod
583 1185 671 1247 caput,
684 1178 765 1232 ardua
777 1179 874 1234 cervix.

85 1246 144 1299 Hoo
156 1247 196 1298 illi
208 1254 292 1299 recte:
311 1264 344 1299 ne
357 1247 469 1315 corporis
481 1247 581 1315 optima
594 1248 691 1316 Lyncei
840 1249 876 1303 90

86 1316 266 1386 contemplere
278 1316 366 1382 oculis,
381 1316 496 1386 Hypsaea
507 1317 599 1369 caeoior
609 1317 663 1385 illa,

87 1386 152 1451 Qua
164 1385 235 1438 maia
247 1397 310 1439 sunt
322 1403 333 1437 s
367 1395 428 1439 etes.
447 1387 491 1440 “O
504 1390 582 1442 orusl
601 1402 617 1438 o
631 1384 768 1440 brachm!'’
786 1403 877 1441 verum

86 1455 212 1525 Depugis‚
224 1463 326 1520 nasuta,
356 1455 411 1507 reri
423 1454 505 1506 latere
517 1471 548 1507 ao
560 1455 626 1524 pede
638 1454 716 1523 longo
728 1460 774 1510 est.

87 1525 216 1578 Matronae
229 1531 324 1594 praeter
335 1525 430 1576 faeiem
441 1524 480 1575 nil
493 1541 597 1576 cernere
609 1526 698 1592 possis,

88 1595 186 1662 Cetera,
199 1595 228 1646 ni
241 1595 316 1647 Catia
328 1598 374 1659 est,
387 1593 498 1644 demissa
511 1599 582 1645 veste
595 1593 716 1661 tegentis.

88 1665 116 1718 si
128 1665 270 1719 interdieta
282 1671 361 1733 petes,
373 1662 443 1716 vallo
455 1662 663 1714 circumdata-
675 1679 737 1714 nam
748 1667 776 1715 te

89 1735 147 1788 Hoc
158 1735 223 1788 facit
235 1735 358 1787 insanum
369 1761 412 1799 -‚
423 1732 515 1784 multae
528 1731 578 1782 tibi
590 1738 648 1783 tum
659 1731 790 1784 officient¹²
801 1749 849 1801 res,

90 1804 222 1871 Custodes,
234 1803 335 1869 lectica,
348 1801 488 1866 ciniflones,
502 1801 630 1869 parasita,

89 1874 131 1927 Ad
144 1874 210 1926 talos
222 1873 289 1926 stola
301 1873 412 1924 demissa
424 1881 451 1924 et
463 1871 625 1923 circumdata
636 1870 715 1940 palia,

90 1942 214 2009 Plurima,
226 1961 285 2012 quoe
297 1942 434 1995 invideant
446 1958 510 2009 pure
522 1957 646 2010 apparere
658 1941 707 1993 tibi
719 1958 781 1995 rem.
826 1944 877 1994 100

90 2013 187 2078 Altera,
199 2013 238 2064 nil
251 2013 350 2073 obstat;
368 2011 425 2064 Cois
437 2011 486 2063 tibi
499 2027 573 2078 paene
585 2010 673 2064 videre
685 2017 725 2064 est

91 2081 128 2135 Ut
138 2082 245 2146 nudam,
258 2100 291 2134 ne
303 2099 378 2134 crure
390 2079 466 2148 meio,
478 2097 511 2132 ne
524 2080 558 2132 sit
570 2080 635 2148 pede
647 2080 734 2150 turpi3

9 2179 11 2198 ·
92 2151 180 2205 Metiri
193 2151 273 2220 possis
286 2150 360 2203 oculo
373 2150 449 2203 latus.
485 2151 527 2203 An
540 2149 684 2202 tibimaris

93 2220 203 2274 Insidias
214 2220 271 2272 fieri
283 2221 448 2288 pretiumque
460 2219 567 2272 avellier
578 2228 640 2272 ante
888 2279 892 2290 ¹

94 2294 177 2360 Quam
188 2309 300 2346 meroem
312 2291 434 2344 ostendii
470 2291 616 2359 “Leporem
629 2295 737 2342 venator
747 2301 779 2344 ut
790 2292 845 2347 alta

95 2365 127 2418 In
137 2365 198 2417 nire
210 2367 330 2424 sectetur,
343 2361 459 2430 positum
470 2361 507 2411 sio
519 2367 627 2426 tangere
638 2357 731 2411 noliti’

96 2434 188 2487 Cautat
200 2436 227 2484 et
239 2430 356 2499 apponit
368 2431 382 2456 ‘⁸
391 2431 467 2482 Meus
479 2435 518 2480 est
530 2444 603 2479 amor
614 2427 676 2480 huic
688 2429 781 2481 similis
793 2450 799 2495 ;
816 2449 879 2488 nam

100 2500 251 2556 'iransvolat
262 2501 290 2553 in
302 2499 389 2552 medio
400 2499 486 2565 posita
498 2503 524 2549 et
537 2497 667 2565 fugientia
679 2499 829 2568 captat.’'-

14 2611 15 2622 r
97 2573 202 2636 Hucine
213 2575 348 2629 versiculis
357 2590 444 2644 speras
457 2571 506 2624 tibi
518 2591 592 2642 posse
603 2575 702 2630 dolores

429 2659 438 2692 ὓ
452 2661 545 2711 officiunt
