2014 2810
87 57 138 116 172
409 55 567 111 HORATII

855 181 876 207 1

384 258 515 315 surius
533 255 580 314 IV.
612 255 614 258 ’

89 345 189 420 “Unde
201 370 228 418 et
241 380 293 431 quo
306 361 395 416 Catius
405 361 432 413 l'’
451 361 466 388 “
473 361 499 412 N
500 378 534 414 on
546 365 586 413 est
597 357 665 412 mihi
676 365 781 429 tempus
792 359 887 415 arenti

90 434 190 486 Ponere
202 434 278 500 signo
289 433 363 486 novis
376 436 520 504 praecptis,
534 433 624 502 qualia
635 432 744 485 vincant

90 503 260 570 Pythagoran
273 505 408 572 Anytique
419 521 494 556 reum
507 504 663 572 doctumque
677 496 814 554 Plutona.”

92 569 256 622 “Peccatum
270 571 359 623 fateor.
374 589 455 637 quum
470 581 495 623 te
508 574 543 623 sie
556 582 670 639 tempore
681 571 747 622 locro

95 637 305 708 Interpellarrm:
324 640 368 693 sed
382 646 426 693 des
439 645 543 693 veniam
554 640 638 692 bonus
650 657 700 692 oro.

95 709 169 767 Quod
183 709 204 760 si
216 710 379 762 interciderit
392 711 440 762 tibi
453 727 524 761 nunc
537 709 644 772 aliquid,
657 715 757 775 repetes
768 725 839 775 mox,

95 773 155 826 Sive
168 779 208 826 est
219 781 322 827 naturae
335 774 384 827 hoc
397 775 451 828 sive
463 776 535 844 ortis,
546 776 629 829 mirus
641 775 778 843 utroque.”

95 844 111 872 “
122 843 193 906 Quin
205 843 233 895 id
244 849 301 896 eret
313 861 390 912 curae,
404 860 455 912 quo
467 854 545 914 poeto
557 851 653 898 cuncte
666 851 789 912 tenerem,

95 911 194 980 Utpotc
206 929 247 965 res
260 918 352 966 tenues
364 915 440 966 tenui
451 931 569 967 sermone
580 912 723 983 peractas.'’

94 981 170 1033 “Ede
178 982 292 1034 hominis
301 999 405 1050 nomen,
413 984 492 1036 simul
501 993 528 1037 ot
542 984 674 1036 Romanus
683 999 717 1034 an
727 981 846 1050 hospes.”
857 985 890 1034 10

94 1051 109 1078 “
117 1050 178 1118 Ipsa
189 1067 288 1104 memor
299 1060 431 1124 praecepta
443 1069 543 1118 mnam,
556 1052 685 1106 celabitur
697 1060 795 1104 auctor.

93 1117 184 1188 Longe
196 1119 291 1188 quibus
304 1120 383 1172 iacies
395 1121 451 1172 ovis
463 1120 519 1188 crit,
533 1119 580 1173 illa
591 1125 731 1188 memento,

93 1189 131 1241 Ut
144 1190 215 1240 succi
227 1189 340 1241 melioris
353 1197 380 1241 ct
392 1195 423 1242 ut
435 1191 518 1258 magis
530 1190 591 1242 alba
602 1190 730 1256 rotundis,

92 1257 208 1320 Ponere;
226 1274 340 1326 namque
352 1275 451 1311 marem
463 1259 586 1311 cohibent
598 1259 694 1311 callosa
706 1257 834 1312 vitellum.

94 1327 174 1380 Oauie
187 1327 342 1394 suburbano,
356 1328 402 1396 qui
414 1327 489 1380 siccis
501 1329 584 1380 crevit
595 1328 623 1379 in
636 1329 713 1396 egris,

92 1395 217 1460 Dulcior3
235 1395 334 1464 irriguo
346 1396 415 1448 nihil
427 1404 467 1449 est
479 1397 576 1449 elutius
589 1397 671 1450 horto.

93 1465 122 1520 si
134 1466 299 1536 vespertinus
311 1465 397 1519 subito
410 1473 437 1518 te
449 1467 605 1536 oppresserit
617 1466 717 1536 hospes,

92 1535 134 1590 Ne
147 1537 247 1604 gallina
259 1535 358 1588 melum
371 1545 504 1604 responset
516 1536 582 1588 dura
594 1537 690 1604 palato,

93 1605 194 1660 Doctus
207 1607 257 1658 cris
270 1605 358 1658 vivam
369 1607 453 1658 mixto
465 1623 577 1658 mersare
591 1604 716 1672 Falern03

94 1675 152 1728 Hoc
165 1676 381 1730 teneramiaciet.
418 1674 801 1796 Pratensibusolptimaiungis
853 1677 890 1729 20
946 1669 949 1675 ’

93 1744 198 1799 Natura
210 1753 264 1810 est;
283 1746 341 1798 aliis
353 1745 422 1800 mele
434 1745 557 1798 creditur.
593 1745 607 1797 I
629 1763 643 1797 e
656 1745 771 1798 salubres

94 1815 210 1868 AEstetes
222 1822 338 1884 peraget,
351 1815 397 1884 qui
409 1815 491 1882 nigris
503 1814 614 1886 prandia
626 1816 704 1867 moris

93 1885 190 1952 Finiet,
203 1893 266 1938 ante
278 1901 384 1952 gravem
398 1901 455 1953 quae
467 1885 561 1952 legerit
573 1884 664 1936 arbore
677 1883 765 1938 solem.

93 1955 215 2008 Aufidius
227 1954 289 2008 forti
302 1953 428 2006 miscebat
440 1954 519 2006 mella
532 1953 650 2020 Eudemo,

93 2023 235 2086 Mendose;
253 2024 378 2094 quoniam
391 2023 479 2077 vacuis
492 2024 655 2075 committere
667 2023 741 2076 venie

93 2094 139 2148 Nil
153 2095 203 2146 nisi
216 2094 274 2147 lene
287 2093 361 2145 decet
369 2111 375 2157 ;
395 2093 447 2145 leni
461 2093 603 2161 praecordia
615 2092 700 2145 mulso

94 2163 225 2217 Prolueris
237 2163 338 2216 melius.
375 2163 402 2216 Si
415 2163 481 2215 dura
493 2162 638 2214 morabitur
650 2162 733 2230 alvus,

94 2233 207 2286 Mitulus
220 2241 247 2286 et
260 2233 323 2286 viles
336 2233 436 2301 pellent
448 2232 580 2284 obstantia
592 2231 696 2283 cenchre

94 2303 130 2355 Et
143 2303 245 2371 lapathi
257 2302 341 2354 brevis
355 2302 442 2364 herba,
456 2301 500 2354 sed
513 2301 571 2352 elbo
584 2317 636 2352 non
649 2301 704 2354 sine
717 2301 774 2355 Coo.

43 2395 45 2400 ’
94 2371 207 2424 Lubrica
219 2379 355 2424 nascentes
367 2371 479 2439 implent
492 2371 630 2438 conchylia
642 2370 727 2434 lunae;

95 2439 146 2493 Sed
159 2457 212 2492 non
224 2458 300 2493 omne
312 2457 383 2492 mare
395 2448 435 2492 est
447 2457 578 2508 generoeae
590 2440 678 2492 fertile
689 2445 772 2496 teste.

95 2507 198 2562 Murice
210 2509 311 2562 Baiano
322 2511 414 2562 melior
426 2510 540 2562 bitorino
552 2508 652 2578 peloris,

99 2576 189 2632 “strae
200 2578 313 2648 Circeiis,
325 2579 427 2632 Miseno
439 2579 561 2632 oriuntur
572 2577 666 2647 echini,
