2006 2814
14 163 20 196 l

337 83 548 140 SATlRARUbl
569 90 608 142 ll.
627 96 650 144 6.
840 101 892 160 179

100 187 153 240 Per
164 201 246 256 caput
258 197 286 244 et
298 191 367 246 circa
379 196 479 250 saliunt
491 198 569 253 latus.
606 203 698 258 “Ante
712 210 853 266 secundam

99 257 209 310 Roscius
222 260 316 314 orabat
328 265 378 316 sibi
396 266 498 320 adesses
510 271 544 322 ad
557 272 651 326 Puteal
665 279 744 330 cras.”

98 329 112 354 ‘⁶
121 328 161 380 De
173 345 201 380 re
214 335 345 384 communi
358 335 450 388 scribae
463 355 559 406 magna
571 352 651 410 atque
664 363 731 398 nova
743 353 770 400 te

97 397 215 450 Orabant
227 399 305 452 hodie
319 405 487 473 meminisses,
500 410 604 477 Quinte,
618 415 736 468 reverti.”

95 468 112 494 ‘¹
121 467 261 534 imprimat
274 470 322 536 his,
333 489 402 538 cura,
416 475 445 526 M
448 495 546 533 aecenas
559 481 635 546 signe
649 483 777 538 tabellis.”

93 534 208 602 Dixeris,
221 539 236 564 “
245 539 374 608 Experiar
383 544 407 596 :’'
425 546 440 572 ‘⁶
447 545 476 598 Si
488 549 535 614 vis,
548 551 645 617 potes,''
657 551 733 605 addit
745 561 772 608 et
783 556 873 614 instet.

94 603 228 672 Septimus
241 620 332 664 octavo
345 616 449 683 propior
457 621 513 684 jam
526 621 625 689 fugerit
637 641 730 696 annus,
851 633 886 684 40

93 671 135 724 Ex
148 691 199 742 quo
212 676 342 733 Maecenas
353 701 396 734 me
408 687 488 754 coepit
500 688 594 743 habere
606 709 713 747 suorum

93 740 125 792 In
140 761 261 810 numer03
280 749 420 805 dumtaxat
432 755 465 807 ad
478 755 533 822 hoc,
546 775 624 826 quem
637 763 728 817 tollere
739 763 822 820 rheda

93 808 181 865 Vellet
194 813 354 872 iterfaciens
366 830 393 874 et
406 823 448 875 cui
461 827 614 882 concredere
626 848 711 900 nugas

91 881 152 998 Ηυξ
170 905 254 955 genus
265 961 275 1004 Ἰ
277 893 382 987 :Hora
400 904 481 967 quota
498 908 538 955 est
549 901 575 956 l’'
592 904 704 961 “Threx
721 913 761 962 est
780 909 884 970 Gallina

128 973 193 1020 syro
202 975 272 1028 par.

87 1024 225 1082 Matutine
237 1048 330 1098 parurn
344 1039 433 1087 caritos
441 1037 498 1104 jam
510 1037 608 1107 frigora
619 1041 746 1097 mordent.

87 1095 123 1148 Et
137 1114 194 1165 quae
206 1099 301 1154 rimosa
313 1102 378 1156 bene
390 1104 558 1173 deponuntur
570 1108 597 1160 in
610 1127 680 1164 aure.

88 1163 139 1217 Per
151 1174 238 1220 totum
250 1169 299 1224 hoc
312 1176 414 1240 tempus
427 1175 567 1244 subjectior
579 1177 608 1229 in
621 1179 690 1232 diem
702 1185 729 1234 et
741 1180 832 1236 horam

87 1234 200 1288 Invidiae
212 1245 306 1295 noster.
341 1241 428 1295 Ludos
441 1253 604 1312 spectaverat
616 1265 676 1315 una,

85 1301 198 1358 Luserat
210 1306 237 1359 in
251 1309 360 1378 Campo:
379 1311 502 1366 Fortunas
514 1315 592 1383 lilius,
605 1335 700 1381 omnes.

21 1437 24 1443 Ι
85 1371 350 1440 Frigidusallostris
363 1390 454 1436 manat
467 1402 513 1452 per
525 1388 640 1456 compita
651 1405 755 1444 rumor:
842 1393 878 1444 50

85 1445 242 1514 Quicunque
254 1449 343 1502 obvius
356 1459 402 1518 est,
416 1471 456 1504 me
470 1455 599 1507 consulit:
620 1458 663 1508 “0
678 1457 750 1520 bone,
775 1471 838 1507 nam
849 1462 878 1510 tn

83 1513 163 1579 Scire,
176 1515 244 1568 Deos
256 1519 379 1586 quoniam
393 1523 499 1590 propius
511 1524 649 1590 contingis,
662 1531 771 1592 oportet,
821 1532 825 1539 '

17 1593 18 1596 ’
83 1581 220 1652 Numquid
233 1587 265 1639 de
278 1588 356 1640 Dacis
369 1591 467 1642 audisti
477 1590 508 1643 l''
526 1591 593 1643 “Nil
607 1593 750 1660 equidem.’'
772 1592 833 1646 “Ut
844 1597 876 1645 tu

83 1651 190 1722 Semper
203 1656 252 1708 eris
265 1657 362 1710 derisor
370 1659 394 1710 l’'
413 1661 428 1688 ‘⁴
437 1664 474 1712 At
485 1677 575 1713 omnes
587 1660 622 1712 Di
636 1663 772 1728 exagitent
783 1678 833 1728 me,

84 1722 114 1774 Si
127 1723 297 1792 quidquam.’'
325 1729 339 1754 “
350 1727 440 1792 Quid?
457 1728 587 1782 militibus
618 1731 726 1782 romissa
738 1730 876 1800 Triquetra

82 1791 185 1846 Proedis
198 1797 289 1862 Caesar,
302 1813 336 1847 an
349 1803 388 1847 est
402 1796 471 1849 Itala
483 1799 577 1852 tellure
608 1804 700 1851 aturus
708 1798 737 1852 l”

81 1862 101 1914 J
103 1871 223 1914 errantem
235 1881 277 1916 me
290 1865 355 1916 scire
367 1865 434 1916 nihil
447 1867 578 1919 mirantur
590 1874 621 1920 ut
634 1885 719 1920 unum

81 1930 188 1985 Scilicet
201 1934 298 2001 egregii
310 1935 447 1987 mortalem
460 1936 560 2004 altique
573 1937 671 1992 silenti.

81 1999 207 2054 Perditur
218 2001 274 2054 heco
286 2003 356 2056 inter
368 2004 460 2057 misero
472 2005 520 2058 lux
533 2024 586 2059 non
599 2007 654 2060 sine
667 2006 748 2060 votis:

81 2069 103 2122 Ο
116 2087 167 2136 rus,
177 2072 281 2138 quando
294 2090 342 2140 ego
355 2079 382 2125 te
394 2074 554 2143 adspiciam?
571 2077 728 2145 quandoque
737 2075 826 2131 licebit
838 2079 872 2132 60
930 2125 931 2129 ,

79 2138 159 2191 Nunc
172 2147 288 2192 veterum
302 2141 382 2209 libris,
396 2161 466 2196 nunc
479 2161 569 2198 somno
581 2153 608 2198 et
620 2146 749 2201 inertibus
760 2145 831 2200 horis

79 2208 182 2261 Ducere
196 2209 313 2263 sollicitae
322 2211 441 2279 jucunda
453 2212 550 2267 oblivia
563 2215 642 2268 vitael
818 2279 821 2286 1

80 2278 101 2331 Ο
115 2278 219 2346 quando
231 2277 293 2332 faba
306 2281 462 2350 Pythagorae
475 2291 586 2352 cognata
599 2285 729 2351 simulque

78 2347 167 2400 Uncto
180 2348 243 2402 sutis
256 2349 349 2418 pingui
362 2359 493 2419 ponentur
501 2353 620 2407 oluscula
632 2354 722 2408 lardol

80 2417 101 2469 0
113 2424 203 2470 noctes
215 2437 346 2488 coenaeque
359 2419 459 2476 Derim!
479 2423 574 2491 quibus
587 2423 641 2492 ipse
653 2425 756 2493 meique

79 2488 149 2539 Ante
162 2487 243 2542 larem
256 2490 389 2558 proprium
402 2507 491 2544 vescor
504 2510 646 2562 vernasque
659 2511 780 2562 procaces

79 2555 160 2609 Pasco
173 2557 260 2612 libatis
273 2559 392 2630 dapibus.
427 2561 510 2615 Prout
522 2563 617 2633 cuique
628 2562 709 2618 libido
720 2569 768 2632 est,

80 2624 167 2678 Siccat
180 2627 322 2698 inaequales
334 2631 428 2684 calices
440 2632 551 2686 conviva
563 2633 664 2686 solutus

78 2689 192 2766 Legibus
204 2698 311 2766 insanis,
324 2718 370 2756 sen
382 2701 441 2766 quis
453 2703 526 2766 capit
536 2703 608 2758 acria
619 2702 695 2759 fortis
