2006 2814
426 81 580 138 HORATII

408 288 535 342 Samus
554 287 600 340 VI.

111 398 172 452 Hos
185 404 242 452 erat
253 398 282 451 in
294 398 376 452 votis:
394 399 486 451 modus
499 397 555 466 agri
568 397 672 451 nonita
684 414 765 464 magn

111 468 213 522 Hortus
225 469 271 521 ubi
284 475 310 520 et
323 475 393 522 tecto
406 469 508 520 vicinus
516 468 589 589 μὴ
602 485 678 535 aquae
691 413 868 546 lonssm'fff
893 493 930 546 (s,

110 537 147 592 Et
159 539 279 607 paullum
292 538 364 590 silvae
378 556 456 606 super
468 538 508 590 his
533 549 595 590 oret.
631 537 743 588 Auctius
755 519 836 605 alque
894 541 901 549 '
915 544 923 551 '

111 607 147 660 Di
160 607 254 660 melius
267 609 357 661 fecere.
393 607 465 660 Bene
477 615 524 660 est.
560 607 605 658 Nil
618 595 732 675 amplius
744 623 848 695 ⁰¹⁰&

111 676 185 730 Maia
197 685 267 746 nate,
280 677 331 728 nisi
344 682 375 729 ut
387 677 492 744 propria
505 677 560 728 haec
573 676 640 728 mihi
651 693 763 728 munera
773 675 853 730 faxis.

112 745 141 799 Si
153 764 238 816 neque
249 749 374 814 majorem
387 747 439 798 feci
450 746 552 798 ratione
563 745 634 798 mala
647 761 703 797 rem

110 813 167 868 Nec
180 833 239 869 sum
250 817 370 868 facturus
384 815 449 868 vitio
461 815 573 884 culpave
584 815 728 878 minorem

112 881 142 937 Si
155 903 262 938 veneror
274 885 373 937 stultus
385 887 452 936 nihil
466 886 578 938 horum:
598 893 612 910 '⁸
624 891 644 940 t)
658 886 680 947 si
692 881 807 950 angulus
819 881 850 934 ill
891 934 896 959 θ

112 949 253 1006 Proximus
265 954 380 1019 accedat,
393 953 438 1022 qui
452 969 524 1004 nunc
538 945 677 1004 denomiat
690 951 806 1020 agellum
818 896 893 1016 ΡΞ»
906 960 912 972 ’
985 975 986 1010 ;

111 1019 153 1074 “0
162 1022 184 1074 si
192 1039 287 1076 urnam
296 1025 400 1092 argenti
409 1024 462 1076 fors
472 1039 530 1090 quae
539 1022 606 1074 mihi
616 1025 757 1077 monstret!
776 1029 808 1074 ut
815 1019 864 1089 illi,
879 1023 913 1074 10
985 1025 986 1032 ’

17 1117 21 1138 ι
86 1092 90 1102 ’
113 1089 246 1142 Thesauro
258 1091 368 1150 inuento
380 1093 426 1158 qui
438 1095 612 1144 mercenarius
624 1109 719 1159 agrum
732 1077 777 1151 ἔν’,
794 1097 804 1128 t
818 1084 833 1126 ‘-

112 1156 195 1211 Illum
207 1159 295 1227 ipsum
307 1161 438 1212 metcttus
451 1162 543 1220 ‹ni-avit
558 1162 630 1213 dives
642 1161 727 1212 amico

112 1227 228 1280 Hercule
237 1227 261 1283 !''
275 1228 386 1286 siquod
396 1229 477 1294 adest,
484 1233 592 1296 gratum
596 1229 683 1296 juvat,
689 1226 820 1294 hacprecc
827 1229 854 1274 te
861 1239 904 1274 oro

111 1295 214 1364 Pingua
225 1312 305 1364 pecus
317 1294 423 1348 domino
439 1299 518 1350 facias
530 1304 557 1349 et
570 1305 657 1349 cetera
669 1305 765 1378 praeter

111 1365 261 1434 Ingenium,
274 1371 355 1432 utque
367 1365 432 1418 soles
455 1373 541 1418 custos
553 1366 619 1418 mihi
631 1383 763 1418 maximus
775 1365 853 1420 adsis.

111 1433 181 1516 Ergo
193 1433 239 1486 ubi
251 1451 292 1486 me
305 1434 333 1486 iu
346 1441 447 1488 montes
462 1435 529 1487 etin
541 1452 627 1488 arcem
640 1452 673 1487 ex
686 1435 750 1488 urbe
763 1435 868 1504 removi,

111 1503 182 1568 Qud
193 1503 266 1572 prius
278 1502 410 1569 illu-strom
423 1504 511 1557 satiris
523 1521 650 1571 musaque
663 1504 794 1572 pedestril

108 1572 166 1627 Nec
178 1573 249 1626 mala
260 1589 302 1626 me
314 1573 423 1626 ambitio
437 1574 523 1642 perdit
536 1592 584 1626 nec
597 1573 735 1643 plumbeus
748 1575 816 1627 Aust
872 1614 890 1640 ·.

110 1643 316 1712 Autumnusque
328 1645 422 1711 gravis,
438 1643 561 1696 Libitina
574 1651 689 1711 quaestus
702 1643 824 1714 acerba..
843 1661 850 1684 ³
869 1639 873 1651 '
985 1665 986 1668 ¹

111 1709 247 1765 Matutine
259 1719 342 1781 pater,
355 1730 401 1766 seu
413 1713 434 1766 J
436 1731 485 1766 ane
498 1713 624 1775 liheutius
636 1713 719 1778 audis,
730 1732 772 1772 ω-
783 1703 844 1790 ἢ)μ
874 1717 911 1766 20

111 1781 188 1835 Unde
201 1783 318 1835 homines
331 1799 439 1851 operum
471 1783 549 1836 nimos
562 1783 677 1850 vitaequc
689 1782 789 1836 labores

111 1851 262 1904 Instituunt
274 1881 309 1891 -
321 1852 358 1904 sic
370 1851 420 1904 Dis
435 1871 452 1921 p
480 1852 563 1904 citum
575 1882 618 1919 -‚
630 1859 660 1905 tu
673 1852 796 1904 carminis
808 1857 863 1906 esto

111 1920 282 1990 Principium
319 1921 408 1974 Roma
423 1938 572 1990 sponsorem
584 1939 626 1974 me
639 1923 716 1991 rapis.
751 1917 833 1988 “llJa,

111 1990 138 2044 N
138 2008 153 2042 e
165 1991 236 2060 prior
248 1989 332 2043 officio
345 1991 485 2060 quisquam
498 1991 661 2060 respondeat,
673 2009 745 2059 urge

110 2060 172 2114 Sive
185 2059 281 2128 Aquilo
293 2059 363 2112 radit
375 2066 460 2112 terras
473 2077 519 2112 seu
531 2061 625 2114 bruma
636 2060 752 2113 nivalem

110 2129 239 2182 Interiore
251 2128 321 2181 diem
333 2145 398 2196 gyro
414 2129 504 2192 trahit,
518 2129 556 2182 ire
568 2147 672 2182 necesse
683 2132 748 2183 est.”

110 2197 250 2251 Postmodo
263 2197 333 2265 quod
345 2199 382 2250 mi
398 2199 472 2266 obsit,
485 2198 554 2251 clare
566 2206 719 2266 certumque
731 2199 818 2255 locuto

110 2267 277 2318 Luctandum
290 2267 318 2317 in
331 2268 409 2319 turba
424 2274 451 2320 et
463 2268 585 2320 facienda
596 2268 695 2334 injuria
706 2269 796 2323 tardis

111 2334 205 2398 “Quid
218 2334 265 2399 vis,
279 2333 379 2402 insane,
391 2340 418 2388 et
430 2354 495 2405 quas
508 2357 548 2392 res
557 2339 614 2406 agis
623 2338 650 2392 l'’
669 2341 803 2410 improbus
815 2356 898 2418 luget
985 2397 986 2402 ,

111 2401 192 2455 Iratis
206 2403 342 2470 precibus;
361 2406 415 2457 “tu
428 2406 516 2472 pulses
528 2425 605 2460 omne
617 2409 688 2477 quod
701 2411 794 2482 obstat,
878 2424 917 2475 30
985 2405 986 2474 l

110 2471 153 2524 Ad
167 2470 340 2524 Maecenatem
353 2475 464 2526 memori
476 2475 498 2526 si
510 2485 599 2529 mente
611 2481 753 2534 recurms.'’
985 2483 986 2496 ¹

112 2537 171 2591 Hoc
179 2539 258 2605 juvat
270 2545 297 2591 et
308 2540 381 2593 melli
393 2549 448 2608 cst;
466 2561 519 2597 non
531 2547 652 2602 mentiar.
687 2551 724 2602 At
737 2551 815 2606 simul
827 2560 904 2614 atras
985 2581 986 2592 ἶ

112 2605 767 2686 Ventumcstltlsquiliaa,alienqnegotiacentum
