2016 2814
109 67 159 124 163
423 49 577 104 HOltATIl

108 172 124 200 “
132 170 173 224 Ne
185 165 244 238 quis
255 165 377 218 humasse
388 159 455 214 velit
467 160 581 228 Ajacem,
594 155 696 224 Atride,
708 159 781 210 vetes
794 173 842 210 cur
852 155 880 213 Ψ

108 239 190 292 “Rex
201 237 283 291 sum.’'
305 233 370 288 “Nil
383 231 455 285 ultra
466 243 553 299 quaero
566 226 707 297 plebeius.”
732 229 747 256 ‘⁴
753 227 788 279 Et
799 243 907 299 nquam

110 310 176 364 Rem
189 306 329 376 imperit03
347 319 377 356 ac
390 304 412 354 si
425 302 468 353 cui
481 299 570 352 videor
582 314 635 350 non
643 299 741 365 justus,
753 297 841 353 inulto

109 379 210 443 Dicere,
222 377 293 500 quod
306 375 395 439 sentit,
439 367 555 423 rmitt0.”
579 367 722 420 “Maxime
734 385 835 438 regum,
855 373 907 424 190
991 393 992 396 =

183 449 210 500 bi

109 450 182 588 ἕξοι
192 516 326 572 consulere
338 523 365 566 et
377 530 439 565 mox
452 510 607 579 respendere
619 507 729 562 licebitl

110 591 125 619 “
134 588 270 644 Consule.’'
306 587 321 616 ⁴‘
329 583 381 637 Gur
393 584 470 650 Ajax,
483 580 558 632 heros
570 577 604 630 ab
617 579 720 632 Achille
732 579 870 648 secundus,

110 658 236 725 Putescit,
250 656 327 710 toties
340 653 448 709 servatis
461 650 547 703 clarus
559 649 675 715 Achivis,

111 730 230 788 Gaudeat
242 733 273 779 ut
285 723 398 795 populus
412 721 510 773 Priami
523 720 695 788 Priamusque
706 718 853 786 inhumato,

109 795 161 852 Per
189 815 251 856 uem
263 803 304 848 tot
312 797 423 862 juvenes
435 791 521 860 patrio
534 806 640 842 caruere
652 789 790 857 sepulchro
800 789 826 842 i'’

109 815 207 920 “Milie
220 866 309 919 ovium
321 865 429 915 insanus
442 860 520 913 morti
533 859 614 924 dedit,
628 859 750 911 inclitum
763 858 862 912 Ulixen

109 938 145 992 Et
158 936 310 994 Menelaum
322 949 378 986 una
389 947 493 984 mecum
506 947 532 982 se
545 927 663 982 occidere
675 927 815 981 clamans.”

110 1009 174 1060 “Tu
188 1021 269 1074 quum
282 1019 328 1074 pre
340 1002 427 1056 vitula
439 1001 534 1054 statuis
546 998 651 1051 dulcem
663 997 761 1051 Aulide
773 1002 865 1051 natam

109 1078 180 1131 Ante
192 1094 249 1130 aras
262 1073 415 1144 spargisque
427 1070 497 1123 mola
509 1075 596 1137 caput,
609 1067 733 1137 improbe,
746 1068 820 1132 salsa,
854 1069 907 1120 200

110 1143 430 1201 Rectumauimiservasi”
439 1137 618 1204 “Quorsum'’
627 1137 907 1206 “insanusquidenim

110 1217 191 1284 Fecit,
204 1232 287 1289 quum
299 1214 393 1266 stravit
405 1213 473 1264 ferro
485 1225 564 1279 pecus
575 1207 585 1260 i
610 1207 748 1260 Abstinuit
757 1209 812 1259 vim
824 1206 908 1277 [rijex

109 1287 197 1340 Uxore
210 1291 237 1338 et
249 1291 330 1353 gnato
342 1303 350 1347 ;
367 1283 438 1334 mala
450 1280 535 1332 multa
548 1283 669 1346 precatus
682 1276 789 1343 Atridis,

109 1355 134 1410 N
136 1374 169 1408 on
181 1355 226 1408 ille
238 1361 285 1407 aut
298 1353 427 1405 Teucrum
439 1355 487 1404 eut
499 1349 586 1420 ipsum
599 1348 708 1400 violavit
721 1345 843 1400 Ulixen.'’

109 1427 231 1480 “Verum
244 1439 299 1492 ego,
311 1430 343 1474 ut
356 1422 485 1474 haereutes
495 1420 603 1471 adverso
616 1417 692 1470 litere
704 1433 784 1472 neves

109 1494 251 1564 Eriperem,
264 1492 379 1563 prudens
392 1489 496 1560 placavi
510 1488 638 1556 sanguine
650 1485 757 1540 Divos.''

108 1565 234 1630 “Nempe
247 1571 300 1616 tuo.
313 1560 434 1613 furiose.‘’
471 1559 485 1586 “
497 1558 567 1624 Meo,
580 1557 624 1609 sed
637 1573 691 1608 non
703 1555 842 1608 furiosus.”

110 1629 165 1690 Qui
178 1628 275 1698 speeies
287 1627 352 1680 eliae
365 1628 432 1680 veris
445 1627 600 1696 scelerisque
612 1628 731 1681 tumultu

111 1697 261 1751 Permixtas
273 1697 366 1766 capiet,
379 1703 524 1750 commotus
536 1695 683 1764 habebitur,
696 1702 784 1770 atque,

111 1767 268 1821 stultitiane
280 1773 355 1832 erret,
367 1767 481 1819 nihilum
495 1766 612 1834 distabit,
625 1783 659 1820 an
672 1767 717 1820 ira
853 1767 908 1820 210

112 1837 183 1904 Ajax
196 1836 338 1888 immeritos
351 1851 435 1904 quum
447 1836 550 1900 oceidit,
564 1835 667 1906 desipit,
680 1853 776 1904 agnos3

113 1906 200 1969 Quum
212 1905 327 1972 prudens
341 1905 424 1958 scelus
437 1904 470 1958 ob
482 1905 574 1958 titulos
587 1906 706 1958 admittis
718 1907 817 1972 inanes,
830 1900 908 1972 [cori

113 1974 172 2028 Stes
185 1975 272 2026 enimc
284 1980 311 2027 et
321 1992 418 2043 purum
431 1982 470 2028 est
480 1975 545 2028 vitio
558 1974 614 2040 tibi,
625 1992 706 2044 quum
716 1975 849 2028 tumidum
861 1979 909 2041 est,

113 2043 142 2096 Si
155 2044 213 2112 quis
226 2043 320 2096 lectica
332 2043 445 2097 nitidam
458 2052 560 2116 gestare
573 2051 643 2097 emet
656 2062 759 2113 agnam,

114 2113 185 2166 Huic
199 2119 305 2176 vestem,
318 2121 350 2166 ut
362 2121 457 2182 guatae,
470 2122 545 2183 paret
557 2115 674 2180 ancillas,
687 2122 762 2184 paret
774 2129 877 2181 eurum,

114 2181 212 2234 Rufum
225 2189 272 2234 aut
285 2182 412 2236 Pusillam
425 2201 458 2252 ap
478 2184 540 2236 ellet
561 2185 674 2252 fortique
683 2183 779 2236 marito

113 2247 235 2303 Destinet
247 2267 370 2316 uxorem
388 2202 529 2308 interdicto
542 2227 605 2305 lruic
617 2269 693 2304 omne
705 2253 808 2306 adimet
817 2253 863 2324 jus

114 2318 214 2372 Praetor
226 2328 253 2371 et
265 2320 299 2372 ed
312 2338 387 2374 sanos
400 2322 477 2377 abeat
490 2323 576 2375 tutela
589 2323 756 2391 propinquos.

115 2386 202 2452 Quidi
221 2388 243 2438 si
256 2390 314 2456 quis
326 2398 435 2456 gnatam
448 2409 495 2460 pro
507 2399 583 2444 muta
595 2392 707 2444 devovet
719 2408 796 2460 agne,

115 2455 223 2522 Integer
235 2465 274 2508 est
286 2459 386 2511 animi?
405 2461 430 2512 N
431 2477 445 2512 e
458 2461 563 2514 dixeris.
599 2461 676 2530 Ergo,
689 2461 735 2513 ubi
748 2477 830 2532 prava
858 2463 913 2518 220

115 2523 244 2589 Stultitia,
258 2524 301 2578 hic
314 2543 416 2581 summa
427 2535 467 2582 est
479 2531 596 2594 insania3
615 2531 661 2598 qui
674 2530 819 2584 sceleratus

117 2591 153 2648 Et
164 2592 278 2646 furiosus
290 2595 340 2650 erit
346 2614 355 2660 ;
373 2615 452 2668 quem
464 2600 535 2670 cepit
546 2600 631 2655 vitrea
642 2600 722 2666 farne,

241 453 287 500 ent
299 451 377 513 capta
389 460 403 495 c
415 459 498 494 assem
511 438 639 491 deducere
653 439 733 508 'l'reja
745 443 751 492 t
