2014 2810
315 85 528 144 summunt
544 84 570 140 1.
587 89 612 154 6,
630 85 654 140 7.
828 84 880 145 147

88 191 213 246 Millibus
225 193 306 259 etque
317 189 377 244 eliis
389 189 456 244 vivo.
491 189 654 260 Quocunque
665 189 746 247 libido
757 197 806 263 ut,

10 279 12 292 ’
90 261 189 316 Inoedo
201 258 285 324 solus3
303 265 448 328 percontor,
460 260 555 327 quenti
567 260 625 313 olus
636 278 667 314 eo
679 261 735 328 fen

89 331 224 384 Fellnoem
236 330 336 383 oiroum
348 330 578 398 vespertinumque
590 347 693 399 pererro

90 401 165 470 Saepe
177 399 279 464 forum3
296 399 395 452 adsisto
407 399 518 520 Qu
536 399 598 452 inde
610 399 717 453 domum
728 418 771 456 me

89 469 133 524 Ad
145 469 216 540 porri
228 475 256 522 et
268 469 358 522 ciceris
369 469 453 522 refero
475 486 490 521 a
510 469 606 538 unique
618 470 751 534 eetinum3

91 524 350 592 Ooenfflinistmlb'r
361 539 449 607 pueris
461 486 553 606 uh,
566 544 593 592 et
605 527 759 607 ltffilbus

91 607 191 661 Pocula
202 625 263 661 eum
275 625 289 660 c
384 607 436 660 duo
448 608 561 661 sustinet
568 626 576 672 ;
593 608 682 661 adstet
694 608 803 661 echinus

91 677 168 746 Vilis,
180 694 241 730 oum
253 695 288 746 pe
301 695 345 730 ere
356 684 458 746 guttur,
471 676 605 747 Campans
616 671 793 760 supellffl'

89 747 194 802 Deinde
206 763 236 800 eo
248 731 464 814 dffltmffltn
476 747 611 814 sollicitus,
622 747 689 800 mihi
701 746 769 816 quod
781 763 838 801 ores

90 815 259 885 Surgendum
271 817 306 869 sit
317 833 402 882 mene,
414 815 550 870 obeundus
562 816 634 870 Mers
688 817 734 886 qui
746 833 774 870 se
834 818 885 870 120

91 885 206 939 Vultum
217 885 284 939 ferre
296 891 377 954 neget
389 885 533 938 Noviorum
544 903 579 955 po
604 903 618 939 e
629 886 743 940 minoris.

90 955 134 1010 Ad
146 961 269 1024 quertnm
277 956 352 1024 jaceo
358 974 367 1020 ;
384 960 444 1025 post
455 954 524 1008 huno
536 971 631 1024 regen
648 964 696 1010 eut
707 973 755 1024 ego
766 955 835 1010 leoto

90 1025 149 1079 Aut
161 1025 265 1094 scripto,
279 1024 348 1092 quod
360 1041 403 1076 me
416 1024 529 1077 teeitum
535 1026 621 1147 iuvet,
632 1042 718 1094 ungor
729 1025 806 1094 olivo,

90 1093 156 1149 Nou'
182 1111 217 1147 uo
228 1093 359 1147 fraudetis
370 1094 523 1146 immundus
561 1101 618 1147 atta
629 1094 751 1148 lucernis.

90 1163 141 1218 Ast
153 1113 200 1217 ubi
211 1162 364 1216 me'fessum
376 1149 558 1216 efflen'fri'ire
571 1163 689 1217 levatum

91 1233 245 1300 Admonuit,
257 1233 332 1302 fugio
344 1233 472 1302 Campum
484 1233 624 1302 lusumque
636 1233 671 1286 tri

91 1301 207 1356 Pransus
219 1319 273 1356 non
285 1302 369 1371 avide,
382 1313 512 1376 quantum
525 1302 647 1385 interpell
662 1353 670 1372 „
731 1319 761 1356 m

92 1371 274 1450 Ventrgdiem
287 1372 388 1441 durare,
401 1369 560 1426 domettte'ut
569 1373 645 1426 otior.
681 1372 746 1426 Haee
758 1377 798 1426 est

92 1441 157 1524 Vite
169 1439 314 1496 solutorum
326 1443 421 1496 misera
433 1441 577 1496 ambitione
587 1443 714 1524 gravique
720 1461 728 1507 3

92 1510 145 1564 His
155 1529 198 1565 me
210 1512 328 1566 consolor
339 1513 473 1566 victurum
485 1513 598 1578 suavius,
610 1528 642 1564 eo
654 1529 676 1564 sr
832 1513 884 1566 1³0
921 1535 925 1546 ·

92 1579 213 1648 Quaestor
224 1599 296 1650 evus,
307 1587 384 1652 peter
395 1589 475 1652 etque
486 1599 561 1636 meus
571 1585 734 1650 patruusque
744 1579 844 1634 fuisset

384 1765 514 1822 suumn
531 1765 595 1820 VIL

93 1876 264 1930 Prosonrrrr
277 1874 357 1944 Regis
370 1874 461 1943 Rupili
475 1891 525 1944 pus
537 1879 617 1944 etque
628 1888 760 1928 venenum

93 1945 216 2015 Hybrida
227 1962 280 2014 quo
291 1951 369 2014 paeto
381 1945 417 1997 sit
428 1943 533 1996 Persius
545 1943 625 2012 ultus,
638 1944 730 2014 opinor

94 2015 222 2068 Omnibus
234 2021 262 2068 et
273 2014 353 2084 lippis
365 2020 458 2067 notum
470 2021 499 2067 et
511 2013 659 2072 tonsoribus
671 2028 734 2066 esse

94 2083 199 2137 Persius
211 2083 256 2136 hio
268 2101 412 2152 permagna
423 2083 530 2152 negotiu
542 2083 615 2136 dives
627 2081 741 2136 hebebet

94 2152 262 2219 Clazomenis,
275 2153 356 2206 etium
369 2153 429 2206 lites
441 2170 503 2207 oum
516 2153 588 2222 Rege
599 2153 735 2214 molestam

93 2222 184 2277 Durus
195 2222 301 2275 homoe
331 2240 365 2276 ue
377 2223 436 2275 odio
465 2224 493 2274 ui
506 2228 592 2292 posset
604 2223 707 2275 vincere
720 2221 826 2289 Regem,

94 2291 233 2346 confidens
245 2292 314 2344 tumi
333 2309 423 2360 usque,
436 2239 501 2345 olleo
513 2293 638 2345 sermonis
650 2291 740 2360 emori,

94 2361 224 2428 Sisennae,
237 2360 331 2414 Barros
342 2367 375 2414 ut
387 2361 460 2430 equis
472 2369 643 2431 procurreret
654 2361 728 2416 albis.

94 2431 137 2484 Ad
150 2431 249 2498 Regem
260 2431 344 2484 redeo.
380 2429 524 2498 Postquam
536 2431 604 2484 nihil
616 2432 686 2486 inter
696 2439 840 2500 utrumque

96 2499 236 2555 Convenit:
248 2529 284 2541 -
296 2501 345 2554 hoo
357 2500 456 2554 etenim
468 2506 531 2552 sunt
543 2517 632 2555 omnes
640 2503 700 2571 jure
712 2501 822 2566 molesti,
852 2497 887 2550 10

96 2569 155 2632 Quo
165 2571 253 2637 fortes,
265 2570 362 2641 quibus
373 2570 514 2624 edvmsum
524 2568 624 2625 bellum
635 2572 744 2637 incidit3
761 2574 832 2626 inter

16 2613 17 2670 l
96 2637 211 2697 Hectore
221 2639 375 2696 Prismidsn
385 2641 534 2697 animosum
543 2647 625 2712 etque
635 2642 706 2698 inter
716 2638 847 2697 Achillem
