2014 2810
329 61 539 120 SA'HRARUM
558 61 595 116 11.
615 65 638 128 1,
656 65 680 116 2.
860 63 911 118 1⁵9

113 176 303 246 Quumetupet
315 175 415 230 insanis
427 175 495 228 acies
507 173 654 242 fulgoribus
666 179 693 226 et
705 191 786 244 quum
838 209 847 222 .
890 169 929 210 ις’

112 246 256 300 Acclinisf
293 245 679 328 isffimusmefiemrecusat;
746 239 865 292 ΝΜ
947 276 961 300 1,

112 315 213 370 Verum
225 317 268 368 hic
290 309 408 384 reprendi
419 331 522 366 mecum
534 312 671 382 disquirite
714 312 730 342 “
740 312 793 366 Cur
806 313 855 367 hoc
866 313 968 367 i'’···‘.*·

114 387 215 452 Dicam,
227 386 249 437 si
261 392 358 454 potero.
372 423 377 442 .
393 384 465 437 Mele
477 401 568 436 verum
580 384 714 436 examinat
726 385 810 436 omnis
874 443 876 450 y

113 454 258 524 Corruptus
266 455 357 524 judex.
368 443 377 464 ''
391 441 518 522 Leporem
531 458 646 515 sectatus
659 451 793 538 cencres*
802 457 815 478 ‘¹
837 457 842 466 “

112 525 208 578 Lassus
220 523 254 578 ab
265 523 393 577 indomito
406 523 455 591 vel,
469 523 492 576 si
503 523 623 576 Romana
634 521 732 590 fatigat
873 525 905 574 10

112 593 215 647 Militia
225 601 360 647 assuetum
373 593 493 659 Graecari,
506 609 552 646 seu
564 593 619 662 pila
631 592 714 660 velox,

9 713 13 732 y
38 680 48 698 ι
70 685 74 694 ·
95 663 231 717 rMolliter
243 671 378 716 austerum
390 663 478 716 studio
489 663 599 716 fallente
611 661 734 730 laborem,
830 721 832 728 Α

113 733 166 787 Seu
178 739 205 786 te
217 733 304 789 discus
316 733 381 801 egit,
392 740 452 800 pete
465 733 600 785 cedentem
612 735 674 786 a'era
686 731 758 784 disco
765 751 773 795 ;
791 780 796 786 .
852 747 856 763 ·

114 803 203 868 Quum
216 803 289 856 labor
300 801 435 855 extuderit
446 802 561 870 fastidis,
574 802 665 870 siccus,
677 801 764 854 inanis

78 871 79 876 ’
113 873 212 942 Sperne
225 872 312 925 cibum
324 872 418 935 rilem3
436 872 488 938 nisi
500 871 640 940 Hymettia
650 871 730 926 mella
742 871 854 924 Falerno
890 867 909 924 l
919 867 947 910 Γ

113 941 155 996 Ne
168 942 263 995 biberis
275 942 368 996 diluta.
404 941 477 994 Foris
489 949 529 993 est
541 954 653 1010 promus,
666 947 693 994 et
705 947 793 994 etrum
803 951 885 993 ισωιι

113 1012 264 1066 Defendens
275 1011 360 1080 pisces
371 1010 472 1063 hiemat
483 1027 568 1064 mere:
587 1028 649 1063 cum
660 1010 714 1064 sele
726 1012 801 1081 panis

24 1134 32 1149 ,
96 1127 99 1141 .
113 1081 268 1140 latrantem
281 1081 446 1134 stomachum
457 1079 523 1133 bene
535 1079 622 1134 leniet
658 1079 735 1133 Unde
747 1087 825 1150 putas
836 1087 884 1134 aut

83 1155 103 1167 ''
114 1151 167 1216 Qui
179 1149 303 1220 partum?
338 1149 364 1203 N
365 1167 399 1202 cn
411 1150 440 1202 in
452 1167 511 1204 cero
522 1149 747 1219 niderevcluptas
768 1151 869 1190 *ww

114 1220 230 1286 Summa,
243 1220 329 1273 sedin
342 1226 368 1273 te
381 1220 437 1288 ipsc
449 1226 496 1274 est
532 1219 570 1272 Τιι
584 1219 761 1288 pulmentaria
772 1237 859 1290 quaere
871 1223 906 1273 20

114 1289 254 1360 Sudaqd03
271 1290 398 1359 pinguem
410 1289 483 1358 vitiis
495 1287 635 1362 altumque
647 1306 732 1358 neque
744 1295 829 1342 ostrea
837 1298 854 1332 J
887 1275 915 1326 ‘L'
940 1307 944 1314 ·

74 1359 88 1419 ,t
114 1359 171 1413 Nec
183 1365 272 1423 scarus
284 1368 332 1412 aut
344 1359 441 1428 peterit
452 1359 590 1429 peregrina
597 1361 692 1428 jurare
703 1359 793 1428 lagois.
801 1359 838 1398 Μ

114 1428 169 1482 vix
181 1437 271 1492 tamen
283 1429 400 1498 eripiam,
432 1430 498 1482 osite
511 1446 613 1498 parone
625 1429 689 1482 velis
701 1429 780 1497 quin*
795 1447 798 1454 ’

115 1497 174 1552 Hoc
186 1499 274 1568 potius
286 1515 365 1568 quam
377 1516 395 1567 g
434 1500 477 1552 'na
488 1505 590 1566 tegere
602 1498 729 1567 palatum,
746 1527 765 1537 ··
783 1524 794 1537 2·
804 1511 815 1534 Α
850 1497 862 1531 V
914 1506 919 1515 ’

115 1568 257 1638 Corruptus
270 1569 344 1622 vanis
356 1585 451 1634 rerum,
464 1569 527 1636 quia
538 1573 633 1621 veneat
645 1585 708 1620 aure
781 1621 793 1637 f
875 1571 916 1612 ²¹⁸

115 1637 186 1692 Rara
197 1640 254 1692 avis
265 1645 293 1692 et
304 1638 377 1707 picta
387 1638 489 1706 pandat
501 1637 650 1706 spectacula
662 1637 761 1702 caude;
780 1640 784 1651 '

115 1706 358 1777 Tamquemadrem
364 1708 479 1760 attineat
486 1706 638 1775 quidquam.
656 1705 907 1776 Numrescerisiste‚

116 1776 202 1842 Quam
213 1777 314 1844 laudas,
326 1776 436 1846 plumat
472 1775 550 1829 Occtc
562 1793 627 1828 num
639 1775 714 1829 adest
725 1776 808 1830 honor
819 1777 907 1831 idemi

115 1845 198 1900 Cerne
210 1854 300 1900 tamen
312 1847 432 1914 quemvis
445 1846 528 1899 distat
539 1845 585 1914 nil,
597 1845 647 1899 hac
659 1847 743 1914 magis
755 1846 830 1899 illam

116 1915 266 1985 Inparibus
277 1917 368 1970 formis
380 1916 519 1986 deceptum
532 1921 559 1969 te
570 1920 673 1986 petere!
699 1915 777 1970 Esto:
873 1919 907 1969 30
997 1917 998 1924 ’

115 1983 193 2038 Unde
205 1985 298 2039 datum
309 1987 397 2055 sentis,
410 1987 489 2068 lupus
501 1985 545 2040 hic
558 1985 702 2054 Tiberinus,
715 2002 750 2038 an
761 1985 816 2040 alto

43 2081 80 2126 ,ph
116 2055 215 2124 Captus
226 2055 290 2119 hiet,
302 2063 428 2125 pontesne
439 2063 510 2110 mter
517 2058 642 2138 jactatus,
654 2073 689 2109 an
701 2055 786 2108 amnis

48 2123 80 2169 ’“’·-
116 2124 191 2177 Ostia
203 2123 252 2176 sub
263 2125 358 2178 Tuscit
393 2125 505 2194 Laudas,
517 2143 616 2195 meane,
628 2125 758 2179 trilibrem

115 2192 276 2258 Mullum,in
288 2193 393 2262 singula
405 2212 484 2264 quem
490 2195 595 2248 minuas
601 2195 740 2265 pulmenta
747 2199 906 2250 necesseest.

115 2261 198 2318 Ducit
210 2269 237 2316 te
249 2263 354 2332 species,
366 2263 456 2318 video:
474 2281 526 2334 quc
537 2265 653 2334 pertinet
665 2281 727 2334 ergo
893 2285 937 2326 2s·

115 2331 238 2386 Prccsros
249 2333 333 2386 odisse
344 2332 437 2402 lupesi
473 2334 541 2398 Quia
553 2334 652 2387 scilicet
664 2333 717 2388 illis

116 2402 243 2472 Majorem
254 2408 351 2456 natiue
362 2403 470 2456 modum
483 2403 563 2471 dedit,
575 2403 616 2456 his
628 2403 706 2456 breve
717 2403 827 2474 pondus.

116 2473 135 2527 J
136 2475 231 2540 ejunus
241 2490 300 2527 rere
312 2473 462 2526 stomachus
473 2472 593 2542 vulgaria
605 2474 707 2528 temnit.

119 2541 295 2596 “Porrectum
307 2561 403 2612 magno
416 2561 544 2611 magnum
557 2555 673 2613 spectare
685 2548 773 2602 catino

119 2606 243 2681 Vellem‚”
250 2614 291 2670 ait
300 2614 498 2686 Harpyiisgula
507 2613 590 2685 digna
597 2615 743 2686 rapacibus.
760 2619 857 2684 Atros,
867 2619 901 2668 40
