1990 2810
411 125 567 188 nouum

374 241 524 296 GARMEN
541 237 600 295 111.

192 339 230 380 AB
249 338 349 380 wli!
367 339 423 386 QUA
441 336 617 378 VEHEBAOEUR
629 330 778 374 Vibium!

313 408 444 448 sturnis
463 405 667 447 rsorsossorrs.

113 506 119 514 ·
163 481 210 538 810
221 485 250 537 te
261 481 323 535 diva
334 486 427 550 potens
439 479 526 550 Cypri,

191 553 241 607 ¹Sis
253 552 346 606 fratres
359 549 476 617 Heleuae,
488 547 577 604 lueida
588 547 682 616 sidere,

164 621 362 703 Ventorumque
373 626 448 690 regat
459 625 534 690 pater

199 691 337 746 obstrictis
348 689 407 742 aliis
418 696 514 759 prater
526 688 636 759 Iapyga,

163 759 253 827 Naris,
265 777 324 830 quse
336 758 387 812 tibi
398 759 529 813 creditum

198 829 284 884 Debes
296 828 445 898 Virgilium,
457 828 554 882 finibus
566 827 664 882 Atticis

164 898 268 954 Reddas
280 898 445 968 incolumem,
475 915 554 964 reeor‚

198 969 235 1022 Et
246 985 330 1022 serves
341 969 436 1022 anima
469 970 474 981 “
506 967 589 1022 'dium
599 984 672 1022 mem

164 1036 211 1092 Illi
222 1037 301 1092 robur
312 1044 340 1093 ot
351 1055 387 1091 ses
397 1039 495 1110 triplex

199 1108 273 1162 uires
284 1113 376 1178 pectus
387 1115 451 1176 erat,
463 1108 510 1178 qui
521 1105 642 1178 fragilem
653 1104 724 1160 truei

165 1177 300 1233 Commisit
311 1179 405 1248 pelago
416 1183 501 1232 ratem

199 1247 304 1302 Primus
314 1265 363 1302 nee
375 1248 466 1302 timuit
495 1246 640 1317 raecipitem
651 1245 770 1302 Africum

161 1316 349 1382 Desertantem
360 1266 536 1387 Aquilombm

198 1387 224 1442 N
225 1404 254 1441 ee
265 1386 353 1441 tristes
365 1387 474 1456 Hyadas
485 1405 533 1442 nee
544 1386 644 1442 rabiem
655 1386 727 1457 Noti,

165 1458 223 1526 Quo
234 1473 289 1510 non
299 1456 398 1511 arbiter
409 1457 517 1511 Hsdriae

198 1527 292 1597 Major,
304 1526 396 1580 tollere
407 1544 454 1580 seu
464 1545 560 1598 ponere
571 1527 631 1582 ruit
641 1527 720 1582 freta·

165 1596 249 1664 Quem
260 1596 352 1650 mortis
364 1597 455 1650 timuit
465 1595 586 1666 gradum,

200 1666 252 1733 Qui
264 1666 353 1720 sioois⁰
364 1669 446 1725 oculis
458 1672 576 1723 monstra
586 1665 717 1737 muntia,

165 1735 217 1802 Qui
229 1736 298 1790 vidit
308 1753 380 1790 mare
392 1737 530 1806 turgidum
541 1743 569 1791 et

201 1806 318 1860 Infames
331 1823 374 1860 sco
392 1806 450 1860 ulos
462 1805 673 1861 Aerooerauniai

164 1874 348 1946 Nequioquam
384 1893 430 1931 eus
441 1875 554 1930 abscidit

200 1945 320 2000 Prudens
332 1945 434 2000 Oceano
446 1945 605 2001 dissociabili

165 2014 263 2082 Terras,
277 2017 299 2069 si
311 2021 401 2070 tamen
412 2016 501 2086 impia

198 2086 260 2141 Non
271 2085 407 2156 tangenda
417 2092 487 2140 rates
498 2086 654 2141 transiliunt
665 2086 739 2142 vada

166 2155 264 2209 Audax
276 2155 364 2209 omnia
375 2156 479 2226 perpeti

200 2225 269 2278 (iens
281 2224 399 2278 humans
411 2226 466 2280 ruit
477 2243 525 2296 per
535 2227 663 2282 vetitumt
673 2229 749 2282 nefas

165 2293 263 2348 Audax
276 2293 363 2363 Iapeti
393 2312 458 2348 enus

201 2363 296 2431 Ignem
308 2312 401 2416 triuio
413 2363 483 2418 mala
494 2365 617 2434 gentibus
628 2366 729 2420 intulit.

166 2429 230 2486 Post
242 2432 329 2500 ignem
343 2432 452 2486 aetheria
463 2433 540 2488 domo

201 2497 365 2553 subductum
377 2503 472 2556 macies
484 2509 512 2556 et
523 2521 592 2558 nova
602 2503 715 2559 febrium
849 2506 885 2558 30

165 2568 254 2623 Terris
265 2569 388 2625 incubuit
399 2571 497 2639 cohors,

201 2637 351 2710 &motique
362 2640 435 2710 prius
446 2641 523 2697 tarda
533 2642 673 2697 neomutus

254 2751 266 2777 s
276 2739 343 2782 rastis
567 2741 578 2771 δ
588 2741 676 2782 vetitum
685 2733 707 2774 εἰ
