2006 2814
89 69 140 125 186
408 68 562 126 noalrn

91 179 209 233 Affertur
220 180 326 249 squillas
338 181 408 235 inter
419 197 530 234 murena
540 181 664 232 natantes
697 179 699 183 '
769 174 881 248 [inquit

92 248 125 302 In
142 251 235 318 petina
249 259 376 319 porrecta
414 251 469 304 Sub
486 251 535 305 hoc
551 251 637 312 herus,
663 248 743 302 ‘Haec
755 245 881 318 gravida*

92 320 193 388 ‘Capta
204 327 252 387 est,
264 321 377 374 deterior
388 329 448 392 post
459 328 566 390 partum
578 335 656 372 earne
668 319 767 372 futura.

92 389 118 442 H
123 390 145 442 is
157 392 272 443 mixtum
280 394 326 460 jus
338 403 390 444 est:
410 393 473 457 oleo,
487 393 556 460 quod
569 393 654 461 prims
667 391 775 444 Venafri

92 458 188 512 Pressit
200 461 281 525 cella;
299 478 362 529 garo
374 461 407 514 de
419 461 502 514 succis
514 462 592 531 piscis
606 461 677 514 Iberi
684 480 692 526 ;

91 528 159 583 Vino
171 531 342 600 quinquenni,
355 548 447 582 verum
459 531 526 583 citra
538 549 609 583 mare
621 539 691 598 nato,

89 598 161 652 Dum
174 601 312 668 coquitur3
324 629 360 640 -
371 609 444 652 cocto
457 600 552 653 Chium
564 601 601 653 sic
614 601 744 668 convenit,
756 606 854 655 utnon

90 667 148 722 Hoc
160 670 244 738 magis
256 670 341 722 ullum
353 669 426 722 aliud
435 688 441 732 ;
450 698 486 708 -
495 669 583 738 pipere
596 669 663 737 albo,
671 688 725 723 non
733 671 789 724 sine
800 678 884 739 aceto,

91 737 166 802 Quod
180 739 386 807 Methymnaeam
399 739 463 791 vitio
476 739 619 792 mutaverit
631 757 719 793 uvam.
848 744 884 793 50

89 806 189 860 Erucas
202 809 304 874 virides,
317 809 404 860 inulas
417 825 465 876 ego
477 809 578 878 primus
589 827 692 862 amaras

89 874 236 930 Monstravi
248 878 394 946 incoquere,
406 877 497 931 illutos
510 879 636 932 Curtillus
648 879 760 946 echinos,

89 945 128 1000 Ut
139 947 233 999 melius
245 947 332 999 muria
343 946 412 1016 quod
425 954 494 1000 testa
505 949 608 1000 marina
619 949 750 1002 remittit‘

90 1015 196 1069 Interea
208 1032 333 1086 suspensa
344 1034 437 1085 graves
449 1017 534 1070 auloea
545 1019 636 1070 ruinas

90 1084 124 1138 In
136 1085 256 1156 patinam
268 1087 359 1153 fecere,
372 1087 506 1140 trahentia
517 1086 633 1156 pulveris
646 1087 698 1140 atri

90 1154 227 1220 Quantum
239 1173 292 1209 non
305 1155 400 1224 Aquilo
413 1157 553 1226 Campanis
565 1157 665 1209 excitat
677 1157 755 1226 agris.

89 1223 143 1279 Nos
155 1227 241 1294 majus
252 1225 337 1293 veriti,
350 1231 489 1294 postquam
501 1225 568 1278 nihil
581 1243 636 1279 esse
647 1227 740 1295 pericli

90 1293 230 1363 Sensimus,
243 1294 375 1363 erigimur.
412 1295 498 1348 Rufus
510 1295 595 1364 posito
607 1296 702 1366 capite,
715 1301 745 1349 ut
757 1295 779 1349 si

87 1363 173 1417 Filius
186 1365 343 1417 immaturus
355 1363 458 1433 obisset,
470 1365 539 1419 fiere
575 1364 641 1431 Quis
653 1370 720 1420 esset

90 1433 172 1503 Finis,
184 1435 213 1488 ni
225 1434 328 1504 sapiens
340 1434 378 1488 sic
390 1434 571 1488 Nomentanus
582 1435 699 1488 amicum
850 1437 886 1488 60

91 1507 222 1560 Tolleret:
242 1505 327 1572 ‘Heu,
339 1505 464 1571 Fortuna,
478 1505 537 1572 quis
549 1512 589 1556 est
601 1503 731 1556 crudelior
741 1502 771 1556 in
782 1517 830 1554 nos

91 1575 129 1631 tle
141 1576 235 1630 Densi
271 1575 310 1628 Ut
322 1591 423 1644 semper
434 1574 532 1642 gaudes
544 1573 655 1626 illudere
666 1573 744 1626 rebus

93 1646 227 1700 Humanis
239 1647 255 1701 l’
274 1644 372 1697 Varius
384 1661 481 1713 mappa
493 1659 655 1712 compescere
667 1643 751 1695 risum

93 1715 148 1768 vix
160 1721 272 1786 poterat.
308 1714 415 1766 Balatro
428 1713 588 1781 suspendens
600 1711 689 1764 omnia
700 1727 772 1778 naso,

93 1785 176 1839 ‘Haec
188 1791 228 1838 est
240 1783 356 1837 conditio
368 1781 490 1850 vivendi,'
502 1781 598 1849 aiebat,
610 1782 707 1850 ‘eoque

96 1849 263 1920 Responsura
274 1857 321 1901 tuo
333 1867 471 1918 nunquam
483 1856 523 1901 eet
535 1867 584 1918 par
594 1849 667 1901 fama
678 1848 768 1902 labori

95 1919 172 1987 Tene,
187 1925 216 1973 ut
228 1937 276 1988 ogo
288 1919 403 1987 accipiar
414 1919 493 1986 laute,
506 1918 651 1987 torquerier
662 1919 734 1971 omni

96 1989 281 2044 sollicitudine
294 1988 451 2053 districtum,
464 2005 498 2040 ne
509 1987 586 2057 panis
598 1987 716 2055 adustus,

95 2059 122 2113 N
123 2077 138 2112 e
150 2059 218 2112 male
230 2057 367 2112 conditum
375 2059 421 2126 jus
433 2064 589 2126 apponetur,
601 2063 634 2110 ut
645 2073 734 2115 omnes

97 2127 236 2183 Prsecincti
250 2133 321 2180 recte
333 2126 408 2196 pueri
420 2127 570 2196 comptique
581 2125 750 2180 ministrent?
858 2127 892 2180 70

95 2197 172 2251 Adde
185 2198 231 2250 hos
243 2203 370 2266 praetcrea
382 2213 465 2262 casus,
477 2196 563 2250 aulaea
573 2203 654 2249 ruant
666 2195 695 2261 si,
983 2241 984 2248 ,

96 2267 134 2320 Ut
146 2267 223 2320 modo
233 2285 240 2329 3
258 2266 280 2318 si
292 2267 412 2335 patinam
424 2265 491 2334 pede
502 2265 592 2334 lapsus
603 2266 711 2334 frangat
722 2281 809 2334 agaso.
983 2251 984 2299 i

95 2333 147 2389 Sed
160 2335 334 2389 convivatoris
348 2333 387 2387 uti
399 2334 475 2387 ducis
487 2334 624 2403 ingenium
635 2353 676 2388 res

95 2404 219 2460 Adversae
231 2403 332 2457 nudare
344 2404 436 2468 solent,
449 2403 533 2456 celare
546 2404 683 2458 secunda!

95 2471 254 2528 Nasidienus
266 2471 300 2524 ad
313 2473 386 2526 haec:
404 2471 480 2524 ‘ribi
492 2471 537 2539 Di,
549 2490 713 2543 quaecuuque
725 2475 846 2544 preceris,

95 2535 236 2590 Commoda
248 2536 329 2594 dent!
367 2540 410 2593 Ite
422 2542 462 2594 vir
475 2543 558 2595 bonus
570 2561 597 2596 es
608 2546 769 2614 convivaque
781 2546 881 2601 cornis’
981 2575 982 2602 v

95 2603 132 2660 lit
143 2606 225 2660 soleas
236 2606 328 2675 poscit
364 2607 433 2661 Tum
443 2610 473 2663 in
484 2612 553 2666 lecto
565 2629 669 2682 quoque
681 2614 782 2668 videres

13 2673 94 2748 h
