2006 2814
121 87 174 144 242
412 87 415 94 ’
432 83 588 138 nortem

117 200 329 270 [legitimumque
341 216 435 254 sonum
448 199 540 268 digitis
552 198 679 252 callemus
691 202 719 252 et
729 215 801 252 aure.

118 269 243 338 Ignotum
257 271 362 340 tragicae
374 287 457 338 genus
470 269 599 322 invenisse
612 269 732 322 camene

117 337 222 393 Dicitur
234 347 262 393 et
274 341 398 408 plaustris
411 339 511 392 vexisse
524 340 646 408 poemate
658 338 775 407 Thespis,

117 408 181 474 Quae
194 416 317 462 canerent
329 417 488 478 agerentque
500 409 619 478 peruncti
632 407 739 460 foecibus
750 423 803 461 ora.

117 477 178 532 Post
192 478 263 531 bunc
276 496 390 548 persone
404 478 530 547 pallaeque
542 485 658 546 repertor
669 477 786 530 honesta

117 546 257 616 AEsebylue
269 557 297 601 et
308 548 416 601 modicis
428 547 551 600 instravit
564 547 667 616 pulpita
679 547 760 614 tignis

117 617 153 670 Et
166 617 255 671 docuit
267 633 444 686 magnumque
457 616 528 684 loqui
541 616 642 685 nitique
654 616 789 670 cothmmo.
858 619 911 668 280
982 677 983 682 Ἰ

118 686 249 740 Successit
262 697 337 740 vetus
349 687 390 739 his
402 685 534 750 comoedia,
547 702 600 737 non
613 686 668 737 eine
680 685 766 738 multa

120 756 223 820 Laude;
241 756 286 809 sed
299 757 325 808 in
339 757 433 808 vitium
446 754 554 808 libertas
565 754 665 807 excidit
675 760 705 807 et
717 754 772 806 vim

118 825 235 896 Dignam
246 826 304 894 lege
316 826 387 894 regi3
417 825 461 877 lex
473 833 513 877 est
524 832 633 894 accepta
644 824 790 894 chorusque

119 895 243 964 Turpiter
253 893 366 947 obticuit
378 894 481 947 sublato
489 896 551 963 jure
562 893 681 948 nocendi.

120 963 162 1017 Nil
177 965 339 1018 intentatum
352 964 432 1016 nostri
446 963 544 1032 liquere
557 965 650 1032 poitae.

119 1033 144 1086 N
145 1051 174 1086 ec
186 1034 325 1085 minimum
337 1050 455 1086 meruere
467 1033 553 1099 decue,
566 1032 678 1102 vestigia
689 1032 781 1086 uraca

120 1103 183 1156 Ausi
197 1103 312 1156 deserere
325 1109 352 1155 et
364 1102 493 1156 celebrere
505 1103 646 1155 domestica
658 1103 737 1170 saeta,

120 1171 169 1224 Vel
182 1172 228 1240 qui
241 1179 381 1242 praetextas
394 1171 435 1224 vel
448 1173 493 1241 qui
505 1172 615 1225 docuere
627 1179 738 1240 togatas.

119 1240 175 1295 Nee
187 1242 287 1296 virtute
298 1243 366 1295 foret
378 1240 487 1294 clarisve
500 1241 633 1310 potentius
645 1241 724 1294 armis

119 1311 204 1376 eram
217 1311 308 1380 lingua
321 1311 434 1377 Latium,
447 1311 467 1362 si
480 1327 531 1363 non
545 1310 688 1363 offenderet
699 1325 794 1362 unum·
858 1313 910 1362 290

120 1397 250 1448 quemque
263 1382 400 1450 poetarum
412 1381 482 1432 limae
495 1379 566 1432 labor
578 1388 606 1433 et
617 1397 696 1433 mora
733 1378 791 1444 Vos,
803 1394 819 1430 o

122 1450 264 1520 Pompilius
277 1451 391 1518 sanguis,
403 1467 508 1502 carmen
521 1448 709 1518 reprehendite,
722 1449 792 1518 quod
804 1464 858 1501 non

120 1518 208 1573 Multa
221 1520 276 1572 dies
288 1527 315 1572 ct
327 1519 412 1572 multa
424 1519 505 1571 litura
516 1519 633 1572 coercuit
643 1526 725 1588 atque

121 1588 269 1642 Perfectum
281 1589 366 1642 denies
378 1606 431 1641 non
443 1589 583 1656 castigavit
595 1588 628 1640 ad
641 1605 763 1657 unguem

122 1659 261 1728 [ngenium
273 1659 367 1711 misera
378 1658 442 1728 quia
453 1658 613 1711 fortunatius
626 1667 683 1711 arte

120 1727 209 1782 (lredit
222 1737 249 1782 et
260 1729 380 1782 excludit
392 1745 467 1781 senos
481 1727 606 1780 Helicone
620 1729 710 1796 po'etas

122 1797 293 1864 Democritus,
306 1798 374 1851 bona
387 1815 445 1866 pure
457 1814 509 1850 non
523 1814 623 1865 ungues
636 1813 730 1864 ponere
742 1799 825 1864 curat,

121 1866 145 1919 N
147 1885 179 1920 on
193 1867 307 1934 barbam,
320 1875 419 1920 secreta
432 1866 574 1936 petitione,
588 1866 681 1919 balnea
693 1867 768 1920 vitat

120 1935 294 1989 Naneiseetur
305 1937 375 1989 enim
388 1938 501 2006 pretium
514 1952 659 2004 nomenque
673 1937 763 2004 poetae,

120 2004 148 2058 Si
161 2005 244 2058 tribus
256 2006 390 2074 Anticyris
403 2012 484 2088 eaput
496 2005 640 2058 insanabile
653 2021 788 2074 nunquam
858 2005 910 2059 300
982 1997 983 2062 l

120 2074 229 2128 Tonsori
241 2075 330 2128 Licino
341 2076 506 2128 commiserit.
543 2075 564 2128 0
577 2091 624 2142 ego
637 2074 727 2140 levus,

120 2144 174 2206 Qui
187 2161 283 2214 purgor
296 2144 373 2197 bilem
386 2145 434 2196 sub
447 2144 520 2197 verni
533 2145 655 2207 temporis
667 2144 774 2200 borum!

119 2213 144 2267 N
146 2232 179 2266 on
192 2213 261 2266 elius
273 2215 370 2266 faceret
381 2214 489 2267 meliora
501 2215 636 2283 poematu3
655 2231 746 2267 verum

121 2281 166 2335 Nil
181 2283 250 2334 tenti
262 2289 310 2336 est.
346 2283 414 2352 Ergo
427 2284 523 2351 fungar
535 2284 591 2336 vice
603 2285 676 2350 cotis,
688 2291 798 2336 acutum

120 2350 239 2404 Reddere
251 2369 309 2420 quae
322 2351 419 2404 sermm
432 2353 510 2418 valet,
522 2369 609 2406 exsors
621 2353 678 2422 ipra
690 2352 810 2417 secundm

119 2418 220 2472 Munus
232 2426 259 2471 et
271 2420 385 2473 officium
397 2421 436 2474 nil
449 2422 562 2474 scribens
574 2423 628 2491 ipse
641 2421 743 2490 docebo,

122 2487 197 2540 Unde
227 2498 361 2541 arenturo
379 2507 416 2557 es,
427 2490 491 2558 quid
503 2491 558 2544 alet
570 2492 715 2560 formetque
727 2491 833 2560 pe'e‘tum
839 2509 847 2556 ;

120 2555 189 2632 Qnid
202 2507 300 2636 iecerit,
312 2507 378 2626 quii
387 2575 455 2624 non3
472 2575 524 2628 quo
534 2559 627 2624 virtus,
639 2577 691 2628 que
702 2562 770 2614 ferat
781 2576 858 2614 error.

120 2622 256 2680 ‘tertbendr
265 2633 337 2680 recte
346 2641 438 2698 capere
448 2635 490 2685 eet
499 2635 530 2685 et
539 2629 699 2701 principium
709 2636 738 2686 et
747 2629 823 2688 fons:
