2014 2810
371 102 584 157 SATIRARUM
604 103 625 154 I.
643 106 667 154 3,
858 106 909 161 135

120 206 281 260 Ponderibus
293 183 457 274 modulisque
471 207 523 258 suis
535 206 603 258 ratio
615 206 708 273 utitur,
721 221 752 258 ac
763 222 805 259 res

120 277 157 330 Ut
170 267 391 346 qWfflfita
403 276 538 344 suppliciis
551 276 648 328 delicta
660 275 779 328 coercetl

119 347 145 400 si
160 348 218 416 quis
231 364 291 398 eum
304 364 413 412 servum,
427 346 545 415 patinam
557 346 602 414 qui
616 345 705 397 tollere
714 347 803 414 jussus
873 349 908 400 80

120 416 235 470 semesos
248 417 330 484 pisces
343 407 514 484 tepiduffiid
525 415 655 497 ligqqigpit
664 433 716 498 Q

120 487 153 539 In
167 505 242 540 cruce
256 485 368 554 suffigat,
382 485 501 537 Labeone
514 486 629 537 insanior
641 485 711 537 inter

120 556 201 610 Sanos
213 556 324 608 dicutur.
361 555 465 620 Quanto
478 555 526 607 hoc
539 556 662 607 furiosius
675 562 754 624 atque

119 625 206 694 Majus
219 632 356 694 peccatum
370 630 422 680 est!
474 625 598 677 Paullum
611 622 723 694 deliquit
735 622 850 691 amicus;

121 696 195 761 Quod
209 696 259 747 nisi
272 695 404 761 concedas,
418 694 529 747 habeare
542 695 671 747 insuavis:
690 695 799 748 acerbus

121 766 206 818 Odisti
220 776 246 818 et
259 763 381 833 fugitat
395 765 526 816 Rusonem
538 764 640 817 debitor
652 765 718 832 aeris,

122 835 174 899 Qui
186 836 244 888 nisi.
257 853 339 904 quum
353 837 440 886 tristes
452 835 545 886 misero
558 852 651 887 venere
665 835 793 902 Calendis,

119 903 266 957 Mercedem
280 913 328 956 aut
340 921 460 956 nummos
474 905 542 956 unde
555 905 625 956 unde
638 905 759 972 extricat,
772 921 875 960 amam

120 974 242 1027 Porrecto
251 974 346 1042 jugulo
360 974 480 1025 historias
494 963 623 1042 Μ
628 983 658 1027 ut
671 976 753 1028 audit.

121 1045 281 1096 comminxit
294 1043 391 1095 lectum
405 1051 482 1110 potus
495 1061 616 1096 mensave
629 1045 750 1096 catillum
879 1047 915 1099 90

120 1113 239 1166 Euandri
252 1113 372 1165 manibus
385 1114 477 1165 tritum
490 1113 598 1181 dejecit:
618 1113 803 1182 obtenerem,

121 1185 175 1236 Aut
189 1184 303 1252 positum
313 1190 375 1234 ante
387 1200 445 1234 mea
457 1183 520 1250 quia
527 1182 635 1267 ¹pqulum
645 1183 676 1260 in
687 1191 764 1257 parte
777 1184 860 1238 catini

121 1252 235 1306 Sustulit
247 1254 369 1316 esuriens,
382 1253 469 1304 minus
483 1253 531 1304 hoo
540 1245 675 1320 ιιιιῖὲϊὶᾒῖῐῖιε
687 1250 787 1306 amicus

122 1323 162 1376 sit
175 1321 367 1386 nrtmturuuod
381 1323 483 1388 faciam,
496 1323 518 1374 si
531 1324 631 1375 furtum
645 1322 742 1388 fecerit,
755 1330 804 1377 aut
816 1325 839 1378 si

122 1391 270 1444 Ptodiderit
283 1393 418 1444 commissa
431 1392 481 1444 fide
494 1410 650 1460 sponsumve
663 1394 784 1462 negaritl

123 1461 189 1526 Quis
202 1462 275 1530 paria
288 1480 341 1514 esse
354 1463 407 1513 fere
420 1461 521 1530 placuit
534 1472 648 1530 peccata,
663 1463 791 1531 laborant,

123 1531 210 1596 Quum
216 1541 324 1584 ventum
330 1531 363 1583 ad
371 1549 460 1582 verum
466 1539 519 1594 est;
530 1549 619 1584 sensus
625 1549 759 1601 moresque
764 1539 915 1602 repugnant

122 1601 210 1669 Atque
223 1601 279 1670 ipsa
291 1601 401 1665 utilitas,
411 1601 477 1669 justi
490 1618 570 1670 prope
582 1609 666 1653 mater
678 1609 705 1652 et
718 1602 794 1670 arqui.
845 1614 850 1628 ¹

124 1671 210 1734 Quum
224 1678 407 1739 prorepserunt
419 1671 510 1739 primis
523 1670 648 1722 animalia
660 1671 744 1735 terris,
880 1675 916 1725 99

122 1739 230 1792 Mutum
244 1748 271 1792 et
285 1749 361 1808 turpe
374 1757 461 1808 pecus,
473 1739 596 1805 glandem
608 1747 688 1808 atque
701 1739 798 1793 cubilia
810 1747 917 1811 propter

123 1808 262 1879 Unguibus
275 1819 302 1862 et
315 1810 418 1877 pugnis,
432 1809 493 1861 dein
506 1809 628 1874 fustibus,
641 1819 720 1878 atque
733 1809 771 1862 ita
784 1827 859 1879 porro

123 1878 282 1947 Pugnabant
294 1880 379 1944 armis,
393 1896 452 1946 quae
465 1887 523 1946 post
536 1878 709 1932 fabricaverat
722 1897 793 1946 usus,

122 1949 212 2002 Donec
225 1949 310 2014 verba,
324 1948 419 2016 quibus
432 1966 506 2000 voces
519 1966 660 2017 sensusque
673 1955 804 2019 notarent,

122 2017 147 2069 N
149 2019 287 2087 ominaque
300 2019 436 2082 invenere;
455 2018 550 2070 dehinc
563 2017 687 2072 absistere
700 2019 775 2087 bello,

123 2085 227 2157 Oppida
239 2097 374 2156 coeperunt
386 2089 488 2140 munire
501 2095 527 2140 et
540 2105 635 2157 ponere
649 2089 725 2157 leges,

121 2157 162 2210 Ne
175 2158 233 2225 quis
245 2160 289 2209 fur
301 2168 375 2222 esset,
388 2175 439 2210 neu
452 2159 527 2225 latro,
540 2176 591 2210 neu
604 2159 662 2227 quis
675 2158 786 2212 adulter.

122 2225 191 2279 Nam
205 2227 257 2279 fuit
269 2235 331 2280 ante
345 2228 474 2280 Helenam
487 2246 588 2280 cunnus
602 2229 736 2280 teterrima
748 2227 811 2281 belli

123 2296 213 2356 Causa,
227 2297 272 2348 sed
285 2298 381 2364 ignotis
394 2299 529 2366 perierunt
541 2298 669 2349 mortibus
681 2298 728 2364 illi,

123 2366 194 2431 Quos
207 2366 334 2418 Venerem
347 2367 474 2418 incertam
486 2367 618 2435 rapientes
630 2385 700 2419 more
713 2367 828 2420 ferarum

123 2435 230 2488 Viribus
243 2435 337 2512 ρων
349 2437 472 2500 cadebat,
486 2437 555 2488 utin
568 2454 646 2503 grege
660 2445 758 2490 taurus.
864 2437 922 2489 nu

123 2505 142 2558 J
144 2524 192 2559 ura
205 2507 314 2559 inventa
326 2513 398 2557 metu
412 2505 504 2574 injusti
518 2506 616 2558 fateare
629 2524 732 2559 necesse
745 2513 792 2577 est,

123 2575 248 2646 Tempora
261 2575 282 2627 si
296 2575 427 2645 fastosque
440 2575 504 2627 velis
516 2575 633 2628 evolvere
646 2577 745 2630 mundi.

122 2643 177 2700 Neo
189 2653 286 2700 natura
297 2655 383 2715 potest
391 2649 465 2716 justo
477 2663 608 2701 secernere
618 2647 747 2720 *iniquum¹
