2006 2814
258 517 295 580 Q,
325 508 530 572 HORATII
561 509 733 570 sunuel

140 693 861 802 EPISTULARUM

365 869 473 922 LIBER
490 865 634 924 PRIMUS.

432 1017 561 1042 mm

250 1099 425 1164 uersuum
444 1101 539 1164 I.-—sn
553 1115 739 1164 anonumum.

106 1204 201 1257 Pisum
215 1202 285 1256 dicte
296 1203 371 1271 mihi,
384 1221 486 1258 summa
498 1204 608 1258 dicende
621 1203 741 1270 Camena,

105 1273 259 1342 Spectatum
272 1275 335 1326 satis
348 1280 374 1326 et
387 1273 513 1326 donatum
523 1281 580 1342 jam
593 1273 658 1326 rude
670 1273 772 1342 quaeris,

107 1343 242 1407 Mueenus,
257 1343 353 1395 iterum
365 1344 474 1411 antiquo
487 1361 529 1396 ms
542 1339 676 1397 inuadere
689 1343 764 1398 ludar

106 1413 131 1466 N
132 1431 166 1466 on
179 1413 269 1465 eadem
282 1420 323 1465 est
335 1423 406 1478 estas,
420 1431 473 1465 nou
485 1431 565 1466 mens.
603 1410 737 1481 Veianius,
749 1412 830 1466 armis

107 1481 230 1536 Herculis
243 1483 276 1535 ad
289 1491 389 1552 postem
403 1483 470 1549 fixis,
483 1483 549 1536 latet
562 1482 668 1536 abditus
680 1500 752 1552 agre,

106 1551 147 1605 Ne
160 1553 287 1621 populum
299 1563 417 1605 extrema
429 1552 507 1605 toties
520 1560 610 1605 exoret
622 1569 708 1606 arena.

107 1621 156 1675 Est
168 1623 233 1674 mihi
246 1631 385 1692 purgatam
400 1623 488 1675 crebro
500 1624 545 1691 qui
558 1630 678 1691 personet
690 1639 796 1676 aurem:

107 1691 183 1744 Solve
196 1701 373 1746 senescentem
385 1701 488 1744 mature
501 1710 580 1745 sanus
593 1710 697 1760 equum,
710 1711 744 1746 ne

107 1760 203 1814 Peecet
214 1763 248 1814 ad
261 1769 408 1815 extremum
420 1762 545 1815 ridendus
558 1769 584 1814 et
597 1761 644 1814 ilia
656 1763 743 1816 ducat.

107 1830 133 1884 N
135 1849 187 1884 une
200 1833 289 1900 itaque
302 1839 328 1884 et
341 1849 429 1885 versus
442 1838 469 1884 et
481 1841 567 1884 cetera
579 1831 680 1884 ludicra
692 1848 768 1901 pono,
869 1835 903 1886 10

109 1899 903 1969 Quidvarumatquedeeenscuroetrogoetomnisinhocsum

108 1971 197 2024 Ooudo
209 1978 236 2024 et
248 1988 381 2040 compono,
394 1988 452 2039 quoe
464 1987 526 2024 mox
539 1971 689 2040 depromere
702 1971 805 2039 possim.

109 2044 147 2093 Ac
159 2058 192 2093 ne
205 2041 273 2094 forte
284 2058 366 2109 roges,
379 2057 429 2109 quo
441 2058 484 2093 ma
496 2041 569 2108 duce,
583 2056 634 2110 quo
647 2040 701 2093 lare
713 2047 798 2093 tuter:

109 2110 215 2164 Nullius
226 2110 347 2163 addictus
356 2112 446 2178 jurare
459 2110 487 2161 in
499 2109 579 2163 verba
590 2109 718 2178 magistri,

111 2181 168 2244 Quo
180 2198 222 2232 me
234 2197 338 2248 cunque
350 2179 421 2248 rapit
434 2187 582 2248 tempestas,
595 2179 697 2232 deferor
708 2179 809 2250 hospes.

109 2249 135 2303 N
137 2267 188 2302 unc
200 2250 278 2318 agilis
290 2249 324 2302 fio
337 2256 364 2302 et
376 2266 472 2302 mersor
485 2249 606 2302 civilibus
618 2249 705 2316 undis,

109 2318 225 2371 Virtutis
237 2335 304 2372 verre
316 2325 404 2372 custos
415 2318 569 2387 rigidusque
582 2318 699 2382 satelles;

110 2387 135 2440 N
136 2405 188 2439 une
199 2387 227 2438 in
240 2387 369 2457 Aristippi
381 2387 475 2441 furtim
487 2394 618 2457 praecepta
630 2387 738 2454 relabor,

110 2455 146 2508 Et
157 2455 223 2507 mihi
236 2474 284 2523 res,
296 2474 349 2509 non
360 2474 403 2509 me
415 2457 493 2509 rebus
505 2457 664 2526 subjungere
676 2473 761 2510 eonor.

111 2523 148 2576 Ut
160 2541 212 2576 nox
225 2524 311 2594 longa
324 2525 418 2593 quibus
430 2528 560 2580 mentitur
572 2527 663 2593 amica,
677 2527 782 2594 diesque
869 2529 902 2580 20

149 2610 202 2664 nge
213 2593 318 2647 videtur
330 2611 394 2665 opus
406 2594 570 2662 debentibus,
583 2603 615 2650 ut
627 2596 702 2666 piger
714 2610 800 2650 annus
