2006 2814
94 93 148 151 200
409 65 564 128 HORA'lIl

94 181 212 250 Occupat
224 183 251 232 et
264 177 361 232 salvere
369 177 448 247 jubet
459 177 536 246 prior.
573 170 622 226 Ille
635 171 758 242 Philippo

93 250 227 303 Excusare
240 249 355 301 laborem
367 256 394 301 et
403 245 563 300 mercenarie
574 243 669 310 vincla,

94 319 168 383 Quod
181 335 233 372 nou
246 333 323 371 mene
336 318 442 370 domum
455 317 575 380 venisset,
587 313 708 381 denique,
721 308 791 382 quod
803 321 857 362 uon

93 387 253 441 Providieset
265 403 334 442 eum.
371 386 437 438 “Sic
449 382 579 451 ignovisse
591 387 685 450 putete

92 457 202 522 Metili,
214 459 235 510 si
245 473 332 511 coenes
344 455 421 508 hodie
429 451 558 506 mecum.”
577 447 635 502 “Ut
644 447 732 502 libet.'’
751 446 842 514 “Ergo
853 443 890 498 70
991 481 992 500 r

92 527 156 580 Post
168 546 264 581 nouem
278 527 385 589 venien
403 537 475 576 nuuc
488 523 497 574 l
517 535 573 574 rem
585 525 708 572 strenuus
720 513 811 586 euge.”

97 597 131 647 Ut
143 601 253 648 ventum
264 593 299 648 cd
311 609 414 648 coensm
426 599 472 658 est,
485 563 597 644 dicende
609 589 720 642 tacende
733 589 837 640 locutus

94 664 211 718 Tandem
224 664 366 717 dormltum
379 661 531 714 dimittitur⁴
569 659 621 712 Hic
633 659 680 711 ubi
694 673 762 728 supe

95 734 236 788 Occultum
250 735 321 786 visus
333 734 469 785 decurrere
482 731 560 800 piscis
571 729 605 782 ed
618 729 727 781 hemum

95 803 176 858 Mane
188 805 269 857 cliens
282 811 309 855 et
317 804 375 871 jem
387 809 473 854 certus
485 801 603 866 convive,
618 798 722 851 'ubetur

95 873 169 926 Rure
180 873 330 926 suburbeue
342 872 449 924 indictis
463 887 547 924 comes
559 870 597 921 ire
609 817 718 923 iretinie.

95 943 238 1012 Impositue
249 941 354 994 mannis
367 957 460 994 ervum
473 937 620 1008 coelumque
632 937 760 990 Sabinum

93 1013 154 1066 Non
167 1019 250 1065 cesset
262 1012 377 1065 leudem.
414 1009 495 1064 Videt
507 1011 627 1078 ridetque
640 1007 787 1078 Philippus,

94 1082 139 1149 Et,
151 1081 200 1134 sibi
213 1082 277 1134 dum
289 1083 413 1152 requiem,
426 1080 490 1134 dum
502 1081 569 1132 risus
581 1078 699 1148 undique
712 1077 813 1146 quoerit,

93 1151 166 1205 Dum
178 1159 277 1222 septem
290 1153 371 1205 donet
383 1152 510 1217 sestertia,
522 1156 616 1202 mutue
628 1157 729 1269 septem
849 1149 886 1200 80

94 1221 238 1290 Promittit,
251 1222 392 1291 perruedet
404 1222 445 1273 uti
457 1227 588 1272 mercetur
600 1218 658 1287 egel
671 1233 723 1271 um.

94 1290 234 1345 Mercatur.
270 1292 310 1344 Ne
323 1300 349 1344 te
361 1291 447 1360 longis
458 1289 614 1357 ambagibus
627 1288 699 1340 ultre

95 1361 180 1425 Quem
193 1362 256 1414 setis
269 1369 309 1414 est
321 1377 412 1427 morer,
424 1378 458 1412 ex
471 1359 555 1412 nitide
567 1358 598 1410 fit
610 1359 725 1411 rusticus
737 1361 818 1426 etque

94 1431 185 1485 sulcos
197 1438 225 1484 ct
237 1432 327 1484 vincte
338 1435 428 1500 crepet
440 1445 512 1482 mere
519 1448 527 1494 ;
545 1435 677 1498 preparet
690 1428 779 1496 ulmus,

95 1499 248 1555 Immeritur
260 1501 355 1554 studiis
368 1508 395 1554 et
407 1515 495 1552 umore
508 1499 619 1551 senescit
631 1497 752 1551 habendi.

95 1569 193 1624 Verum
207 1571 251 1624 ubi
264 1587 325 1625 oves
337 1571 416 1637 furto,
428 1568 517 1622 morbo
529 1569 628 1638 periere
641 1566 756 1636 cupellae,

94 1639 173 1709 Spem
185 1642 298 1694 mentitu
310 1657 390 1710 seges,
402 1641 448 1693 bos
461 1645 500 1692 est
512 1645 620 1691 enectus
632 1637 738 1706 emendo,

96 1711 215 1764 Offensus
227 1711 330 1763 demnis
342 1709 429 1763 medie
441 1709 474 1762 de
485 1714 562 1761 nocte
574 1707 706 1760 cabellum

94 1779 202 1849 Arripit7
207 1781 291 1833 iratus
312 1797 343 1834 ue
356 1779 445 1848 Philip
464 1777 574 1832 itendit
586 1777 619 1830 sd
633 1777 708 1830 mdes.
849 1777 885 1830 89

95 1849 181 1908 Quem
189 1850 267 1901 simul
310 1849 398 1915 spexit
407 1797 527 1901 emirum
537 1847 723 1912 intonsumque
733 1841 883 1916 Philippus,

97 1913 235 1982 “Diuus''
246 1915 293 1984 sit,
306 1916 321 1944 “
329 1915 430 1983 Vultei,
443 1915 522 1967 nimis
535 1919 706 1982 attentusque
718 1911 815 1965 viderie

96 1983 160 2038 Esse
172 1984 264 2038 mihi.'’
299 1987 314 2016 ‘⁴
325 1985 372 2038 Pol
384 2001 426 2037 me
438 1985 570 2051 miserum,
583 1990 700 2052 petrone,
713 1995 825 2048 vocares,

98 2055 125 2106 Si
138 2054 241 2121 velles,”
254 2055 283 2107 in
301 2056 349 2120 uit,
363 2055 478 2107 “verum
490 2054 556 2106 mihi
569 2068 665 2121 ponere
676 2053 790 2104 nomenl

95 2122 172 2186 Quod
185 2129 211 2176 te
223 2139 270 2192 per
320 2121 396 2174 nium
409 2121 582 2190 dextramque
595 2120 716 2188 Deosque
728 2117 841 2174 Penates

95 2191 205 2246 Obsecro
217 2198 244 2246 et
256 2192 377 2259 obtestor,
391 2191 453 2244 vitre
465 2207 507 2242 me
519 2189 598 2243 redde
611 2183 714 2259 priori.''

94 2262 146 2326 Qui
159 2261 236 2314 semel
250 2262 379 2330 adspexit,
389 2266 521 2382 quantum
534 2260 641 2312 dimisse
654 2259 745 2381 pJetltis

93 2330 232 2396 Praestent,
244 2338 348 2383 mature
360 2347 388 2383 re
407 2336 450 2382 eut
462 2335 617 2398 repetatque
630 2345 657 2381 re
670 2330 729 2382 ‘cte

94 2397 184 2456 Metiri
196 2415 223 2454 se
234 2415 364 2472 quemque
376 2415 422 2454 suo
434 2398 540 2454 medulo
551 2415 582 2453 ec
594 2399 661 2469 pede
673 2411 765 2454 vuum
776 2399 824 2457 et
