1990 2810
123 167 151 220 ri
431 165 599 223 SUE'PONII

100 283 242 352 cingerem
259 282 343 336 desiit.
378 281 494 339 Exstant
514 285 639 356 epistolae,
662 303 695 340 ex
716 285 818 358 quibus,
838 305 919 358 argu-

123 353 208 407 menti
219 354 312 422 gratia,
326 371 411 422 pauca
422 355 537 425 subjeci:
556 357 570 386 “
581 357 660 410 Sume
672 357 722 409 tibi
733 358 835 427 aliquid
847 361 919 427 juris

123 423 196 492 apud
216 441 265 490 mc,
289 430 417 494 tanquam
441 426 463 478 si
485 426 619 480 convictor
635 427 702 479 mihi
719 428 819 483 fucris:
846 437 920 482 recto

124 493 203 560 cuim,
220 500 247 546 et
265 510 318 546 non
335 500 432 548 temere
449 496 560 561 seceris3
586 497 710 565 quoniam
728 496 756 550 id
772 515 835 550 usus
851 499 921 552 mihi

124 568 212 616 tecum
224 581 279 616 esse
290 563 369 631 volni,
382 565 404 617 si
416 582 463 634 per
474 565 652 619 valetudinem
662 574 737 619 tuam
744 566 801 620 fieri
813 567 920 636 possit.''

101 632 161 686 tEt
176 649 282 686 rursus:
300 633 376 686 “rui
394 636 500 705 qualem
517 635 628 689 habeam
644 637 804 704 memoriam,
822 637 921 706 poteris

124 719 158 754 ex
176 701 303 771 Septimio
321 721 424 774 quoquc
441 711 530 758 nostro
547 705 653 759 andire:
679 724 742 759 nam
759 707 863 771 incidit,
888 712 922 760 ut

124 771 170 825 illo
182 789 269 826 coram
281 773 355 827 fieret
366 792 383 827 a
395 792 436 827 me
448 775 490 839 tui
501 775 608 827 mentio.
643 775 742 843 Neque,
755 777 777 828 si
789 783 820 828 tu
832 793 923 846 super·

125 839 175 894 bus
187 843 332 896 amicitiam
346 850 462 897 nostram
479 845 607 914 sprevisti,
619 845 678 898 ideo
695 863 742 899 nos
761 863 865 915 quoque
881 851 923 900 ἀν-

102 913 356 986 8ουπερηφανοῦμεν.”
381 915 518 980 Praeterea,
526 932 601 983 saepe,
613 914 683 968 inter
694 915 759 968 alios
768 919 840 984 jocos
851 917 924 986 “pu-

125 986 258 1039 rissimum
276 984 394 1056 penem,'’
413 989 440 1036 et
458 984 682 1038 “homuncionem
706 984 924 1055 lepidissimum,”

125 1057 261 1126 appellat:
290 1071 396 1125 unaque
418 1054 546 1107 etaltera
564 1053 721 1107 liberalitate
744 1055 924 1125 locupletavit.

102 1125 117 1174 9
127 1125 230 1196 Scripta
242 1125 349 1196 quidem
361 1127 417 1193 ejus
428 1141 512 1194 usque
524 1123 589 1176 adeo
600 1124 729 1194 probavit,
746 1141 925 1194 mansuraque

126 1199 252 1266 perpetuo
270 1195 393 1264 opinatus
410 1201 458 1260 est,
475 1201 578 1246 utnon
599 1194 676 1246 modo
698 1195 712 1224 “
722 1193 842 1248 Seculare
863 1195 925 1248 Gar·
980 1201 981 1252 ἓ

126 1265 203 1318 men'’
227 1264 436 1335 componendum
461 1263 614 1332 injunxerit,
639 1264 683 1317 sed
707 1269 734 1316 et
758 1264 924 1318 vindelicam
980 1257 981 1324 l

127 1335 265 1389 victoriam
294 1334 392 1387 'liberii
419 1334 551 1402 Drusique
579 1334 780 1402 privignorum
811 1351 925 1403 eumque
980 1329 981 1414 l

127 1406 251 1474 coegerit,
263 1413 370 1474 propter
381 1403 438 1469 hoc,
449 1403 534 1456 tribus
548 1403 698 1456 Carminunr
715 1403 789 1456 libris
801 1421 834 1457 ex
846 1405 925 1472 longo

127 1475 266 1528 intervallo
290 1481 414 1544 quartum
437 1473 548 1526 addere:
578 1479 638 1542 post
662 1474 797 1527 Sermones
821 1489 925 1544 quoque

127 1545 215 1612 lectos,
228 1544 329 1598 nullam
342 1543 382 1595 sui
393 1545 554 1595 mentionem
566 1542 685 1596 habitam
701 1544 740 1596 ita
753 1544 787 1596 sit
799 1549 924 1613 questus:

128 1615 142 1644 “
153 1615 233 1667 irasci
245 1631 287 1667 ma
299 1613 349 1667 tibi
365 1613 438 1678 scito,
450 1613 520 1682 quod
537 1629 589 1664 non
606 1613 634 1665 in
651 1613 780 1682 plerisque
796 1612 925 1682 ejusmodi
980 1601 981 1672 i

129 1685 233 1753 scriptis
251 1701 354 1736 mecum
371 1683 538 1752 potissimum
556 1682 677 1752 loquaris.
712 1684 756 1735 An
770 1683 873 1748 vereris,
891 1699 926 1736 ne

129 1754 200 1823 apud
212 1761 327 1823 posteros
339 1753 389 1804 tibi
401 1753 500 1804 infame
516 1754 558 1814 sit,
570 1753 641 1821 quod
657 1753 770 1806 videaris
788 1752 925 1806 familiaris
980 1799 981 1808 ,

93 1823 121 1872 10
129 1823 204 1878 nobis
216 1841 271 1876 esse
281 1823 307 1877 l’
325 1823 514 1891 Expressitque
526 1822 651 1890 eclogam,
664 1824 739 1891 cujus
751 1819 859 1876 initium
871 1827 918 1889 est,

195 1930 209 1955 ‘⁴
216 1924 275 1973 Onrn
285 1929 321 1971 tot
330 1924 443 1971 sustineas
454 1928 478 1969 et
487 1928 555 1970 tanta
564 1923 658 1982 negotia
667 1923 735 1980 solus,

217 1984 264 2030 Res
275 1984 348 2030 Italas
358 1983 428 2028 armis
439 1983 527 2036 tutcu's,
538 1983 639 2028 moribus
649 1997 723 2037 omes,

216 2043 249 2089 Le
267 2044 317 2090 ibus
329 2043 449 2096 emendes3
465 2041 489 2087 in
500 2042 593 2100 publica
602 2043 722 2088 commoda
732 2055 831 2100 peccem,
980 2033 981 2092 l

217 2102 242 2149 Si
250 2058 321 2161 longo
331 2114 436 2148 sermone
447 2113 522 2146 morer
531 2105 573 2146 tua
583 2105 695 2159 tempora,
705 2100 821 2148 Casum?

94 2203 120 2250 11
131 2191 258 2248 Horatius
282 2193 377 2247 habitu
395 2193 508 2262 corporis
526 2193 611 2246 brevis
629 2194 690 2260 fuit,
714 2200 795 2264 atque
816 2193 925 2248 obesus:
980 2163 981 2244 i

130 2263 216 2333 qualis
236 2282 253 2317 a
271 2281 297 2317 se
315 2264 371 2333 ipso
389 2269 416 2316 et
437 2265 465 2315 in
484 2263 576 2316 Satiris
593 2263 770 2330 describitrrr⁰‚
783 2269 810 2317 et
827 2263 861 2316 ab
873 2264 926 2316 Au·
980 2259 981 2282 ¹

181 2340 208 2386 to
226 2333 276 2386 hac
292 2333 419 2402 epistola:
438 2332 574 2386 “Pertulit
591 2333 625 2384 ad
642 2351 685 2385 mc
696 2333 838 2401 Dionysius
854 2333 925 2386 libel·
980 2349 981 2388 l

142 2420 187 2456 um
200 2408 284 2468 tunm,
294 2421 372 2472 quem
385 2420 440 2472 ego,
453 2409 484 2456 ut
496 2420 616 2456 accusem
627 2409 662 2467 te,
679 2403 925 2472 quantuluscunque
980 2389 981 2468 i

130 2478 176 2539 est,
189 2471 250 2526 boni
262 2473 375 2527 consulo.
413 2473 502 2526 Vercri
518 2479 608 2525 autem
621 2471 689 2524 mihi
705 2471 808 2536 videris,
824 2489 857 2524 ne
872 2489 926 2524 ma-
980 2473 981 2518 ὲ

174 2559 197 2594 η
208 2542 292 2596 libelli
303 2543 345 2596 tui
357 2548 419 2611 sint,
431 2560 512 2613 quam
522 2543 578 2612 ipse
590 2558 623 2594 es.
659 2540 717 2607 Sed,
730 2542 753 2594 si
764 2541 815 2593 tibi
826 2547 925 2596 stanna

214 2661 357 2715 aaran
453 2659 854 2712 ·saraaaos=urpsrrrars
