2014 2810
97 127 100 134 ⁴
120 101 172 156 118
434 95 591 155 Honsrss

152 203 194 260 Ne
205 205 274 260 foret
285 195 398 276 aquales
409 206 480 262 inter
491 207 608 278 conviva,
618 209 706 279 magis
716 222 794 283 quem

187 275 317 345 Diligeret
327 277 423 331 mulier
435 296 483 332 sua
494 297 573 348 quarn
585 285 620 334 te.

153 343 176 398 0
188 362 236 414 ego
248 363 301 399 non
312 346 386 416 felix,
399 365 479 417 quam
491 355 522 403 tu
533 350 613 420 fugis,
624 355 655 404 ut
666 356 746 422 pavet
757 365 828 406 acres

187 415 353 487 Agnalupos
365 418 649 490 capreoequeleones!¹’
998 414 1004 512 l

292 585 445 642 GARMEN
462 587 736 653 X111.-·rnsu1cos.

120 686 257 745 Hoaarnn
268 695 410 762 tempestas
422 691 518 746 coelum
530 693 663 747 contraxit
675 699 702 748 et
713 691 808 747 imbres

153 759 285 830 Nivesque
296 759 431 816 deducunt
442 763 462 816 J
462 780 551 827 orem;
568 780 640 817 nunc
651 779 731 832 mare,
742 780 814 817 nnnc
825 759 900 816 siluae
1002 742 1005 810 l

119 827 240 884 Threicio
251 830 382 900 Aquilone
393 839 495 888 sonant
530 833 680 902 Rapiamus,
692 832 778 902 amici,

155 899 323 953 Occasionem
335 900 367 953 de
380 901 430 969 die,
442 902 558 970 dumque
570 903 657 957 ruent
668 920 756 971 genua

120 967 156 1022 Et
167 968 249 1038 decet
261 968 376 1024 obducta
387 970 503 1025 solvatur
514 973 600 1025 fronte
613 979 739 1026 senectus.

154 1038 195 1092 'lu
207 1039 270 1093 vina
281 1038 411 1109 'lorquato
421 1058 497 1095 more
509 1041 615 1095 consule
626 1059 715 1113 pressa
724 1057 790 1095 meo.

120 1108 212 1162 Cetera
223 1109 300 1162 mitte
312 1108 399 1179 loqui:
416 1111 489 1166 Deus
501 1112 558 1164 haec
569 1113 678 1166 fortasse
690 1110 805 1181 benigna

156 1177 274 1233 Reducet
284 1179 314 1232 in
326 1180 414 1234 sedem
425 1180 489 1234 vice.
524 1181 604 1236 Nunc
615 1187 643 1235 et
654 1180 822 1236 Achemenio

57 1286 61 1298 .
121 1246 248 1301 Per-fundi
260 1249 342 1302 nardo
350 1252 431 1319 juvat
442 1256 470 1304 et
481 1251 533 1304 fide
545 1251 670 1320 Cyllenea

155 1317 254 1372 Levare
266 1318 329 1372 diris
341 1325 447 1388 pectora
459 1320 693 1382 sollicitudinibus:
878 1318 913 1370 10

121 1386 222 1440 Nobilis
234 1392 266 1440 ut
278 1389 372 1456 grandi
384 1389 481 1444 cecinit
493 1389 640 1444 Centaurus
652 1389 773 1447 alumno:

155 1459 265 1527 Invicta,
278 1459 397 1516 mortalis
406 1463 463 1518 Dea
474 1469 537 1518 nate
549 1481 616 1534 puer
626 1465 743 1533 Thetide,

116 1526 156 1584 Te
167 1536 259 1585 manet
269 1531 391 1586 Assaraci
401 1533 488 1601 tellus,
500 1551 580 1602 quam
591 1534 689 1604 frigida
701 1533 776 1605 parvi

155 1599 275 1655 llindunt
286 1600 440 1656 Scamandri
451 1603 569 1671 flumina,
580 1603 697 1657 lubricus
710 1610 737 1658 et
748 1603 844 1658 Simois
850 1619 859 1668 ς

120 1669 198 1724 Unde
210 1670 260 1724 tibi
271 1671 387 1726 reditum
398 1679 469 1726 certo
481 1670 627 1728 subtemine
640 1673 729 1727 Parcae

156 1739 267 1811 Rupere,
279 1757 328 1795 nec
339 1748 425 1796 mater
436 1741 544 1796 domum
555 1743 653 1796 caerula
663 1749 690 1797 te
701 1743 816 1798 revehet.

121 1808 182 1868 Illic
193 1827 270 1865 omne
280 1811 381 1864 malum
392 1812 454 1866 rino
465 1818 599 1882 cantuque
609 1813 704 1880 levato,

155 1879 286 1935 Deformis
298 1881 455 1950 {agrimonia
467 1881 588 1936 dulcibus
599 1881 747 1952 alloquiis.”

261 2063 410 2123 OARMEN
427 2067 573 2123 XIV.-nn
587 2081 774 2123 uncnrnrsrr.

191 2177 299 2234 Monere
311 2180 408 2235 inertia
419 2199 467 2235 cur
478 2187 582 2236 uniam
594 2179 730 2236 diffuderit
741 2177 802 2235 imie

227 2249 391 2304 Oblivionem
403 2251 528 2320 sensibus,

192 2317 291 2372 Pocula
302 2320 421 2375 Lethaeos
433 2328 465 2375 ut
477 2322 500 2375 si
511 2321 635 2377 ducentia
647 2337 749 2378 somnos

226 2389 325 2444 Arente
336 2391 413 2445 fauce
424 2392 558 2460 traxerim,

193 2457 309 2512 Candide
320 2460 459 2531 Maecenas,
471 2463 568 2517 occidis
580 2481 649 2535 eaepe
660 2459 790 2534 rogando:

227 2527 306 2596 Deus,
317 2528 388 2584 Deus
400 2549 464 2585 nam
474 2549 517 2586 me
529 2540 604 2588 vetat

193 2597 256 2652 lnce
275 2601 322 2665 tes,
334 2599 397 2653 olim
409 2602 565 2670 promissum
576 2621 689 2675 carmen,
700 2599 799 2659 iambo!

227 2613 275 2720 nl
282 2667 437 2724 umbilicum
448 2670 585 2730 adducere.
