2006 2814
101 72 153 131 198
426 70 578 126 HORATll

104 169 151 222 Nil
163 174 202 222 est
210 170 368 238 jucundum,
381 170 455 223 vires
468 171 597 224 inaniore
605 173 731 243 jocisque.
781 189 785 198 ’

105 238 179 304 Vive,
193 241 257 294 vele.
294 240 398 308 Siquid
411 242 509 294 novisti
522 243 619 294 rectius
631 243 696 310 istis,

105 307 239 362 Candidus
250 310 358 380 imperti
365 328 372 374 ;
390 311 413 362 si
427 329 488 380 non,
500 311 541 364 his
554 319 628 364 utere
640 331 750 368 mecum.

234 485 407 542 EPISTOLA
424 481 561 536 Vll—un
575 491 764 531 uncnusrnu.

102 593 233 660 Qontonn
246 595 301 646 dies
314 592 363 645 tibi
375 591 509 660 pollicitus
521 608 564 643 me
575 609 636 645 rure
648 593 779 660 futurum,

99 664 227 718 Sextilem
240 672 326 716 totum
339 662 452 714 mendax
465 661 603 714 desideror.
639 662 724 731 Atqui

99 734 127 788 si
141 751 182 785 me
196 734 282 785 vivere
295 734 335 783 vis
348 748 441 782 sanum
453 740 575 797 recteque
588 731 727 798 valentem,

99 805 184 868 Quam
196 803 262 854 mihi
275 802 322 852 das
335 817 412 868 aegro,
424 800 498 851 dabis
511 807 636 867 aegrotare
650 801 762 868 timenti,

99 873 236 938 Maecenas,
250 871 361 934 veniam,
374 870 437 921 dum
451 870 514 920 ficus
527 870 611 937 prima
623 871 744 940 calorque

98 941 297 1008 Designatorcm
310 940 415 991 decorat
427 939 562 990 lictoribus
575 940 646 1006 atris,

98 1011 169 1065 Dum
182 1010 269 1078 pueris
282 1009 365 1060 omnis
378 1017 453 1078 pater
465 1018 492 1060 et
504 1009 649 1061 matercula
661 1009 751 1078 pallet,

99 1080 270 1147 officiosaque
283 1078 408 1131 sedulitas
421 1084 447 1131 et
460 1077 545 1146 opella
557 1079 667 1130 forensis

98 1150 217 1202 Adducit
229 1149 314 1202 febres
326 1155 353 1200 et
366 1155 525 1200 testamenta
537 1147 661 1215 resignat.

100 1219 178 1281 Quod
192 1219 213 1271 si
227 1218 319 1270 bruma
331 1219 404 1270 nives
417 1217 526 1270 Albanis
539 1215 626 1269 illinet
638 1218 716 1286 agris,
862 1226 900 1276 10

99 1289 141 1341 Ad
155 1306 227 1341 mare
240 1287 379 1340 descendet
392 1294 465 1340 vates
478 1294 539 1338 tuus
552 1293 579 1338 et
591 1287 640 1338 sibi
653 1292 744 1356 parcet

99 1359 306 1426 Contractusque
319 1358 402 1426 leget;
420 1364 454 1423 te,
467 1355 552 1407 dulcis
564 1357 655 1424 amice,
668 1357 764 1410 reviset

98 1429 163 1480 Cum
177 1427 310 1497 Zephyris,
324 1427 345 1478 si
358 1427 489 1490 concedes,
503 1432 530 1477 et
543 1425 684 1480 hirundine
696 1427 789 1496 prime,

97 1497 122 1550 N
124 1515 156 1549 on
169 1515 221 1566 quo
233 1513 304 1548 more
317 1495 380 1563 piris
392 1496 462 1548 vesci
474 1494 583 1548 Calaber
590 1495 669 1563 Jubet
681 1496 782 1564 hospes,

100 1563 143 1618 Tu
155 1583 198 1620 me
209 1564 296 1618 fecisti
308 1562 474 1630 locupletem·
511 1564 525 1589 ‘⁶
536 1561 645 1614 Vescere
657 1563 755 1616 sodes.'’

100 1635 184 1687 “dam
193 1633 326 1688 satisest.''
345 1637 434 1684 “Attu
443 1638 572 1700 quantum
581 1632 619 1682 vis
629 1631 710 1683 tolle?
728 1632 897 1702 “Benigne'’
993 1641 994 1644 ’

100 1705 182 1758 “Non
196 1705 282 1757 invisa
293 1704 359 1755 feres
372 1704 458 1771 pueris
470 1701 627 1752 munuscula
639 1701 749 1768 pervis.''

100 1773 115 1802 “
125 1773 191 1826 'l'sm
205 1781 295 1826 teneor
306 1773 381 1833 dono,
395 1788 473 1839 quam
485 1771 507 1822 si
519 1769 638 1822 dimittar
651 1769 784 1823 onustus.”

99 1841 114 1870 “
124 1842 159 1894 tlt
174 1842 237 1895 libet
250 1861 257 1904 3
275 1842 331 1892 haec
344 1841 427 1908 porcis
440 1840 515 1891 hodie
524 1839 683 1891 comedenda
695 1839 857 1909 relinques'’

95 1903 226 1977 Prodigus
238 1909 265 1956 et
277 1905 374 1955 stultus
387 1903 475 1969 donat,
487 1919 546 1970 quae
558 1906 658 1974 spernit
670 1915 697 1960 et
709 1909 780 1975 odit;
857 1921 900 1973 20

95 1969 161 2025 Ilaec
174 1990 246 2041 seges
258 1973 375 2040 ingratos
388 1972 452 2025 tulit
464 1979 490 2025 et
504 1971 569 2026 feret
581 1976 702 2030 omnibus
713 1981 798 2035 annis.

95 2038 144 2093 Vir
155 2042 238 2095 bonus
251 2049 278 2094 et
291 2041 394 2110 sapiens
406 2041 493 2108 dignis
506 2042 544 2094 ait
555 2061 611 2095 esse
623 2055 739 2114 paratus,

93 2107 119 2162 N
121 2127 150 2163 ec
162 2119 252 2164 tamen
264 2111 376 2179 ignorat,
390 2112 452 2179 quid
465 2111 564 2164 distent
577 2130 629 2166 aera
641 2115 754 2184 lupinis:

93 2177 211 2248 Dignum
224 2180 352 2250 praestabo
364 2198 406 2232 me
418 2181 498 2233 etiam
511 2198 557 2250 pro
570 2181 648 2236 laude
660 2189 794 2244 merentis.

94 2247 170 2308 Quod
184 2251 205 2302 si
217 2267 259 2302 me
272 2250 343 2302 noles
356 2267 466 2318 usquam
479 2251 617 2316 discedere,
631 2255 723 2308 reddes

92 2314 171 2370 Forte
182 2319 261 2382 latus,
274 2319 362 2387 nigros
374 2328 487 2388 angusta
499 2320 585 2373 fronte
595 2323 714 2391 capillos,

93 2384 195 2439 Reddee
208 2387 286 2440 dulce
298 2387 376 2456 loqui,
389 2389 481 2442 reddes
493 2390 577 2442 ridere
588 2390 713 2446 decorum
725 2401 753 2450 et

92 2452 167 2507 Inter
179 2458 241 2508 vine
253 2457 345 2524 fugam
357 2457 459 2511 Cinerae
471 2477 578 2512 moerere
591 2470 726 2528 protervee.

92 2519 170 2576 '¹'orte
183 2541 229 2593 per
242 2533 382 2592 angustam
395 2528 482 2580 tenuis
495 2529 737 2598 vulpecularimam

137 2600 219 2648 soeret
228 2592 259 2648 in
270 2610 403 2648 cumeram
413 2597 549 2667 frumenti,
560 2605 688 2670 pesteque
698 2619 790 2662 rursm
850 2618 896 2674 30
