2006 2814
106 95 158 151 2³6
389 107 391 112 '
427 86 581 150 nomn

106 197 245 265 Signatum
256 199 384 268 prasente
395 204 459 252 nota
470 199 613 268 producere
623 213 727 256 acmen.

106 267 143 320 Ut
156 267 228 320 silves
240 267 310 320 foliis
321 285 415 338 pronos
427 275 566 322 mutantur
578 269 605 321 in
617 285 707 338 annos,
856 267 892 324 ω

106 335 195 390 Prima
207 337 320 402 cadunt;
338 338 376 392 ita
388 335 526 391 verborum
538 345 614 392 vetus
626 339 719 392 interit
731 343 802 408 aias

105 405 141 460 Et
149 409 279 475 juvenum
290 407 344 460 ritu
356 407 449 461 florent
461 407 537 461 modo
549 415 614 462 nata
625 409 775 478 vigentque.

105 475 238 529 Debemur
249 475 327 529 morti
339 493 385 530 nos
397 485 552 546 nostraqu03
570 479 625 531 sire
636 487 757 548 receptus

106 545 185 599 Terra
197 545 337 615 Neptunus
349 547 442 600 classes
454 547 619 616 aquilonibus
631 555 711 616 sreet,

107 615 186 682 Regis
198 633 270 685 opus,
284 617 411 670 sterilisve
423 615 469 670 diu
479 617 555 687 palus
567 625 682 687 aptaque
693 617 771 672 remis

83 693 86 700 '
108 683 214 738 Vicinus
226 684 302 739 urbes
314 687 363 740 alit
375 693 402 740 et
414 701 492 754 grave
505 688 586 740 sentit
598 695 723 756 aratrum,

107 754 159 809 Seu
171 773 276 808 cursum
288 757 402 810 mutarit
414 756 534 826 iniquum
546 756 666 826 frugibus
678 757 762 810 amnis

106 823 206 878 Doctus
218 825 269 879 iter
279 825 380 892 melius,
392 826 514 879 mortalia
525 827 598 880 facta
609 825 740 895 peribunt,
807 873 813 883 .

107 893 212 948 Nedum
223 911 370 948 sermonum
382 901 434 948 ctat
446 895 527 948 honos
540 903 567 949 et
578 895 666 964 gratia
677 896 764 951 vivax.

106 961 195 1017 Multa
206 971 383 1032 renascentur,
395 981 453 1034 qua
461 967 519 1034 Jam
531 966 654 1032 cecidere,
667 965 812 1034 cadentque
858 965 894 1020 70

107 1034 170 1099 Qua
181 1049 253 1086 nunc
266 1039 328 1086 sunt
340 1034 368 1086 in
380 1034 477 1088 honore
488 1033 623 1103 voeabula,
636 1036 658 1088 si
671 1036 741 1089 volet
753 1051 822 1102 usus,

108 1103 192 1168 Quem
204 1119 282 1172 penes
293 1102 432 1157 arbitrium
444 1111 483 1158 est
495 1111 523 1158 et
531 1106 576 1174 jus
588 1110 615 1158 et
627 1121 718 1159 norma
730 1105 739 1158 l
772 1104 854 1158 uendi

108 1171 159 1226 Res
171 1179 251 1240 gestae
263 1189 406 1244 regumque
418 1175 569 1243 ducumque
581 1181 608 1227 et
621 1176 708 1228 tristia
719 1175 751 1228 be
772 1189 789 1228 a

108 1241 166 1306 Quo
178 1240 255 1295 scribi
267 1251 372 1311 possent
382 1259 498 1312 numero,
510 1245 667 1298 monstrarit
680 1243 816 1299 Homerus.

108 1307 232 1365 Versibus
245 1313 380 1381 impariter
388 1314 490 1382 junctis
502 1314 664 1384 qucrimonia
676 1314 799 1384 primum,

108 1377 171 1434 Post
183 1382 263 1435 etiam
276 1383 378 1436 inclusa
390 1391 429 1436 est
441 1385 496 1437 voti
509 1384 640 1437 sententia
653 1399 764 1507 coqugos.

109 1451 173 1516 Quis
185 1458 275 1504 tamen
287 1453 396 1520 exiguos
408 1451 493 1522 elegos
505 1456 620 1507 emiserit
632 1469 682 1508 aue
695 1469 730 1522 or,

109 1517 279 1574 Grammatiei
291 1529 394 1576 certant
407 1529 434 1576 et
446 1523 533 1576 adhuc
545 1523 693 1592 subjudice
704 1524 737 1577 lis
749 1529 795 1579 est.

13 1609 14 1636 ³
108 1589 295 1645 Archilochum
307 1593 412 1662 proprio
423 1593 508 1646 rabies
519 1596 632 1648 armarit
646 1594 747 1658 iambc;

109 1658 189 1716 Hunc
201 1662 268 1716 soca
281 1677 371 1732 cepere
383 1662 476 1733 pedem
487 1663 650 1733 grandesque
662 1661 791 1731 cothurni,
860 1663 895 1716 80

109 1721 330 1801 AltemsTa'ptum
343 1733 504 1786 sermonibus
516 1739 543 1786 et
554 1725 770 1855 nequius
990 1729 991 1740 ¹

110 1797 264 1855 Vincentem
279 1809 331 1856 stre
350 1803 404 1856 itus
417 1808 443 1856 et
455 1809 549 1856 natum
560 1821 588 1856 re
607 1817 637 1856 us
649 1801 764 1872 agendis.

110 1866 189 1924 Musa
200 1869 274 1924 dedit
285 1871 332 1924 fidi
369 1889 381 1925 s
393 1871 466 1926 diros
478 1889 623 1942 puerosque
635 1873 756 1940 Deorum,

110 1937 146 1994 Et
158 1939 275 2010 pugilem
287 1941 412 1995 rictorem
424 1948 451 1995 et
463 1957 560 2011 equum
572 1943 714 1996 certamine
726 1941 840 2013 primum

111 2006 147 2064 Et
155 2013 284 2081 juvenum
297 2026 372 2064 curas
384 2017 411 2065 et
423 2011 579 2084 Qi'issl
591 2013 694 2066 referre.

111 2075 262 2150 Descriptus
275 2095 376 2135 serrare
388 2081 457 2134 vices
469 2097 629 2152 operumque
641 2081 737 2136 colores

112 2150 165 2204 Our
177 2167 224 2220 ege
237 2151 258 2203 si
271 2167 370 2220 nequeo
382 2151 524 2222 ignoroque
535 2155 614 2222 poita
626 2150 741 2205 solutori

113 2221 165 2275 Our
176 2221 275 2275 nescire
287 2223 387 2292 pudens
399 2235 479 2292 prave
492 2239 572 2290 quam
584 2222 682 2275 discere
693 2219 780 2274 maloi

113 2287 237 2344 Versibus
249 2292 346 2374 erponi
357 2293 464 2360 tragicis
476 2309 517 2344 res
529 2291 628 2345 comica
640 2307 692 2343 non
704 2291 763 2345 vult
770 2307 779 2356 ;

114 2358 273 2426 Indignatur
284 2368 347 2413 rtem
360 2362 470 2430 privetis
482 2377 513 2415 ac
524 2377 604 2430 prope
616 2376 689 2414 socco
861 2359 896 2413 90

114 2426 208 2494 Dignis
220 2431 378 2482 carminibus
391 2431 489 2483 narrari
499 2445 573 2483 coena
585 2428 713 2497 Thyestae.

114 2493 226 2562 Singula
237 2514 346 2566 quaeque
358 2500 444 2552 locum
456 2506 564 2551 teneant
576 2499 668 2551 sortita
680 2499 808 2554 decenter.

115 2561 253 2616 Interdum
265 2572 353 2618 tamen
366 2575 394 2620 ct
405 2583 496 2619 vocem
507 2567 633 2619 comoedia
645 2567 724 2636 tollit,

115 2627 254 2710 irataeque
267 2633 387 2691 Chremes
398 2636 501 2691 tumido
513 2635 634 2708 delitigat
646 2651 704 2706 orer
