2014 2810
348 39 682 117 inconscissus.
865 49 917 123 ns

195 178 330 253 Injuriosis
342 182 432 239 aridus
443 183 529 239 ventis
540 185 616 254 feror,

196 252 269 306 Gales
281 255 387 307 venenis
399 255 503 308 officina
511 251 649 309 Colchicis.

196 322 259 386 Quae
270 323 331 376 finis
342 329 390 376 aut
402 324 472 394 quod
484 343 526 378 me
537 331 628 378 menet
640 324 818 395 stipendiumi

194 391 294 446 Effare:
309 394 395 462 jussos
408 410 469 446 cum
480 395 532 447 fide
543 412 634 464 poenes
645 395 726 464 luem,

195 461 307 516 Paratus
319 463 432 532 expiare,
445 481 491 517 seu
503 465 649 534 poposceris

195 531 307 585 Centum
316 533 450 600 juvencos,
463 534 518 587 sive
529 534 650 588 mendaci
661 534 720 604 lyra

195 600 272 655 Voles
285 601 384 655 sonori:
402 607 434 654 tu
445 603 549 673 pudica,
563 611 593 657 tu
605 605 685 674 probs
883 610 917 660 40

195 668 391 724 Perambulcbis
403 678 474 725 estre
486 673 558 726 sidus
570 691 687 744 aureum.

195 738 306 794 Infemis
319 739 426 794 Helenae
439 742 530 796 Onetor
540 743 653 798 offensus
665 744 755 815 vicem,

194 809 338 879 Preterque
349 811 440 879 magni
454 811 573 877 Castoris,
586 815 651 868 victi
662 832 738 884 prece

195 879 327 951 Adempte
339 881 395 934 vati
406 881 542 935 reddidere
554 883 662 938 luminu

194 949 230 1004 Et
241 956 280 1019 tu,
292 955 366 1020 potes
377 967 448 1018 nem,
460 952 531 1005 solve
541 970 584 1005 me
596 953 736 1024 dementis,

195 1019 217 1073 0
229 1037 277 1074 uec
288 1020 405 1090 paternis
417 1020 532 1075 obsoleta
544 1023 669 1093 sordibus,

194 1089 287 1158 Neque
298 1089 327 1142 in
341 1089 485 1160 sepulchris
497 1109 550 1160 peu
569 1109 642 1145 erum
654 1095 768 1166 prudens
779 1112 846 1150 suus

194 1158 369 1213 Nouendisles
381 1159 507 1230 dissipare
518 1109 645 1230 puffveres.

194 1227 253 1281 ribi
264 1228 394 1300 hospitale
405 1235 497 1300 pectus
510 1237 537 1284 et
549 1248 621 1301 purae
632 1251 735 1301 merrus,

194 1297 317 1367 Puusque
329 1304 420 1352 venter
432 1299 607 1370 Pactumeius,
620 1309 647 1356 ct
659 1311 706 1358 tuo
879 1308 914 1358 50

195 1368 290 1422 (imore
302 1368 393 1422 rubros
405 1368 533 1424 obstetrix
545 1389 645 1441 pennos
657 1373 730 1442 levit,

194 1437 337 1508 Utcunque
348 1439 424 1492 fortis
436 1441 525 1492 exsilis
538 1459 589 1511 pue
622 1460 672 1496 eru

221 1507 285 1564 Oen.
322 1508 391 1573 Quid
403 1506 528 1562 obseratis
540 1510 599 1562 euri
618 1527 649 1562 us
660 1511 751 1566 fundis
762 1517 874 1583 proceri

193 1575 219 1630 N
220 1593 254 1630 on
266 1591 330 1629 sexe
341 1574 421 1628 nudis
433 1575 551 1628 surdiora
562 1576 661 1630 neritis

193 1645 335 1716 Neptunus
347 1643 402 1697 olto
413 1645 504 1697 tundit
515 1644 640 1698 hibernus
652 1645 713 1715 selo,

193 1714 299 1768 Inultus
310 1719 343 1768 nt
354 1720 386 1767 tu
396 1714 483 1767 riseris
496 1714 614 1783 Cotyttia

194 1783 318 1854 Vulgata,
331 1801 434 1838 sucrum
445 1782 521 1838 liberi
534 1784 679 1854 Cupidinis,

193 1854 230 1909 Et
241 1853 373 1923 Esquilini
403 1853 505 1907 ontifex
516 1855 628 1908 venefici
741 1901 745 1908 ,

193 1923 306 2006 Impune
317 1929 350 1976 ut
385 1921 459 1977 rbem
469 1925 575 1978 nomine
587 1923 705 1994 impleris
716 1924 792 1980 meo'i

195 1993 264 2058 Qusd
276 1994 398 2075 proderet
410 1993 507 2047 ditasse
519 1993 642 2063 Peligues
654 2012 727 2064 enus,
883 1997 915 2049 60

194 2062 349 2117 velociusve
360 2064 494 2117 miscuisse
506 2063 641 2118 toxicumi

194 2131 245 2186 Sed
257 2131 373 2186 tardiore
383 2135 441 2188 fate
451 2139 479 2187 te
491 2133 559 2187 votis
570 2140 694 2191 monent:

194 2201 305 2270 Ingrato.
316 2202 410 2272 misero
421 2203 478 2256 vite
490 2203 611 2258 ducenda
622 2212 662 2258 est
673 2205 703 2258 in
714 2203 771 2274 hoc,

194 2270 276 2325 Novis
287 2277 319 2324 ut
331 2289 414 2340 usque
426 2290 457 2326 su
476 2279 550 2342 petes
562 2273 702 2328 laboribus.

194 2342 278 2465 ssptst
290 2343 407 2464 Ἆιιίεῐοιη
418 2289 522 2411 Pefopis
533 2343 609 2396 infidi
621 2351 698 2414 pater
766 2369 767 2373 ¹

219 2428 283 2480 gens

312 2411 416 2480 enignee
428 2411 555 2466 Teutalus
567 2430 669 2483 semper
681 2414 764 2486 dapis,

196 2481 279 2551 Optat
291 2479 461 2535 Prometheus
474 2481 605 2551 obligatus
616 2483 683 2553 oliti,

196 2551 279 2621 Optat
290 2567 410 2621 supremo
422 2550 547 2606 collocare
559 2551 686 2623 Sisyphus

196 2620 231 2677 In
241 2627 331 2677 monte
341 2639 451 2690 essum
468 2621 514 2678 sed
526 2627 619 2680 retent
629 2623 701 2695 leges
713 2625 733 2680 J
733 2623 795 2686 oris.
