2006 2814
114 83 166 136 238
435 78 591 136 nortun

113 179 224 234 Publica
234 178 355 233 materies
367 179 465 248 privati
472 181 541 250 juris
553 180 610 249 erit,
623 179 646 234 si

112 249 173 304 Nou
184 250 253 302 circa
264 249 343 301 vilem
355 249 528 318 patulumque
539 249 679 303 moraberis
690 247 786 318 orbern,

114 317 170 372 Nec
182 317 260 371 verbo
272 334 362 371 verum
374 318 476 372 curabis
488 319 594 372 reddere
606 319 675 372 fidus

113 386 254 456 Interpres,
266 404 315 440 nec
327 387 428 440 desilies
440 389 558 441 imitator
569 389 598 440 in
609 395 719 454 erctum,

114 455 191 509 Unde
203 455 295 525 pedem
307 457 435 526 proferret
449 458 533 526 pudor
544 463 615 510 vetet
627 463 675 511 aut
686 457 771 526 operis
781 455 834 512 lex.

114 524 170 578 Nec
182 526 218 578 sio
230 525 347 594 incipies,
361 533 391 578 ut
403 527 513 595 scriptor
523 526 638 594 cyclicus
651 525 727 580 olim:

114 593 281 648 “Fortunam
293 595 392 648 Priami
404 596 514 648 cantabo
526 603 553 648 et
565 595 650 649 nobile
662 593 783 649 bellum.”

116 664 185 728 Quid
197 664 307 732 dignum
319 671 394 717 tento
405 665 471 717 feret
483 664 526 718 hie
538 665 676 733 promissor
686 663 780 718 hiatui

115 733 272 788 Parturiunt
283 741 392 799 montes,
403 741 524 786 nascetur
535 734 662 787 ridiculus
673 751 740 787 mus.

116 803 221 868 Quanto
233 804 327 856 rectius
339 802 390 868 bic,
403 803 450 870 qui
461 803 500 856 nil
511 803 619 855 molitur
630 804 733 871 inepte:
851 807 903 858 140

116 873 131 901 “
139 873 188 925 Dic
200 872 273 938 mihi,
286 871 370 939 Musa,
382 871 475 937 virum,
488 879 572 940 captae
584 879 643 940 post
655 879 772 942 tempora
783 871 867 942 moja

117 942 169 1006 Qui
181 958 264 994 mores
275 939 411 992 hominum
422 941 565 994 multorum
577 943 644 996 vidit
656 947 683 994 et
694 940 794 994 urbes.”

116 1011 176 1065 Non
188 1011 292 1062 fumum
304 1027 336 1061 ex
348 1010 458 1078 fulgore,
471 1010 515 1062 aed
528 1028 561 1063 ex
573 1011 645 1064 fumo
657 1011 719 1064 dare
730 1011 817 1064 lucem
977 1045 978 1100 q

117 1080 229 1148 Cogitat,
240 1085 272 1132 ut
285 1096 296 1131 s
316 1079 399 1132 eciosa
411 1078 505 1132 dehinc
517 1080 644 1133 miracula
655 1086 765 1149 promat,

116 1148 281 1217 Antiphaten
293 1096 459 1216 &cyllamque
472 1156 497 1202 et
510 1166 570 1201 cum
583 1149 694 1218 Cyclope
707 1148 872 1218 Charybdim

117 1218 173 1271 Nec
184 1218 299 1270 reditum
310 1217 444 1270 Diomedis
456 1217 489 1270 ab
500 1216 612 1271 interitu
623 1217 759 1286 Meleagri,

117 1287 174 1340 Nec
185 1288 288 1355 gemino
300 1287 398 1339 bellum
410 1287 551 1355 Trojanum
563 1287 665 1339 orditur
675 1287 709 1339 ab
721 1304 783 1352 ovo3

118 1355 225 1426 Semper
237 1356 271 1410 ad
283 1363 406 1408 eventum
418 1357 527 1410 festinet
539 1357 606 1409 etin
618 1356 768 1409 medioeres

118 1426 178 1479 Non
190 1440 263 1480 secus
275 1441 307 1478 ac
319 1431 394 1478 notas
406 1425 551 1478 auditorem
562 1426 632 1494 rapit
645 1431 678 1492 et,
691 1443 749 1494 quae

119 1494 247 1564 Desperat
259 1500 373 1547 tractata
384 1494 510 1548 nitescere
522 1512 603 1564 posse,
615 1495 749 1563 relinquit,
856 1498 908 1548 150
977 1519 978 1522 ¹

119 1567 207 1634 Atque
219 1565 258 1616 ita
269 1563 404 1629 mentitur,
417 1562 454 1616 sic
467 1564 534 1616 veris
546 1563 613 1616 false
624 1565 752 1632 remiscet‚

119 1632 207 1686 Primo
219 1633 387 1699 eumedium,
400 1632 485 1685 medio
498 1650 532 1685 ne
543 1633 672 1701 discrepet
684 1633 774 1686 imum.

119 1703 167 1770 uu,
180 1703 243 1770 quid
255 1719 302 1770 ego
314 1709 341 1756 et
353 1701 464 1770 populus
476 1718 578 1754 mecum
590 1701 726 1770 desideret,
738 1701 814 1758 audi:

120 1771 149 1826 si
161 1772 287 1840 plausoris
299 1787 358 1839 eges
370 1771 455 1824 aulaea
466 1771 596 1824 manentis
609 1776 636 1823 et
648 1787 730 1839 usque

121 1841 229 1908 Sessuri,
242 1841 322 1894 donec
335 1847 432 1905 centor,
446 1839 520 1890 “Vos
533 1837 674 1904 plaudite,”
687 1838 767 1905 dicat,

120 1907 220 1960 nitatis
232 1909 358 1976 cujusque
369 1906 480 1959 notandi
491 1913 554 1958 sunt
566 1905 615 1958 tibi
626 1923 717 1973 mores,

121 1975 314 2044 Mobilibusque
326 1975 402 2028 decor
413 1976 514 2028 naturis
526 1974 628 2028 dandus
641 1981 668 2028 et
679 1975 763 2030 ennis.

122 2045 240 2099 Reddere
251 2046 298 2114 qui
310 2062 385 2098 voces
393 2046 450 2112 jam
462 2045 511 2097 scit
523 2061 589 2112 puer
600 2050 627 2096 et
640 2045 705 2112 pede
717 2051 788 2098 certo

122 2113 150 2166 Si
170 2122 215 2168 nat
228 2114 346 2180 humum,
358 2115 439 2182 gestit
451 2113 557 2181 paribus
566 2110 699 2166 'colludere
710 2122 737 2167 et
749 2115 816 2168 irum

123 2133 228 2252 Colligit
240 2201 270 2237 ac
282 2183 357 2253 ponit
369 2191 465 2235 temere
477 2190 504 2236 et
515 2189 635 2235 mutatur
646 2183 675 2234 in
687 2183 770 2238 hores.
861 2189 913 2241 160

124 2252 250 2305 Imberbis
258 2253 363 2322 juvenis
376 2253 482 2306 tandem
495 2251 601 2305 custode
612 2258 710 2305 remoto

124 2321 227 2373 Gaudet
238 2322 312 2390 equis
325 2321 483 2390 canibusque
495 2326 523 2373 et
534 2321 616 2390 aprici
628 2322 746 2389 gramine
758 2324 861 2394 campi;

124 2388 218 2440 Cereus
229 2390 259 2442 in
271 2391 366 2442 vitium
378 2389 455 2456 flecti,
468 2389 640 2443 monitoribus
651 2408 733 2460 asper,

125 2455 238 2507 Utilium
251 2458 341 2509 tardus
353 2459 475 2526 provisor,
488 2458 612 2527 prodigus
623 2461 689 2528 aeris,

124 2521 248 2582 Sublimis
260 2526 422 2595 cupidumque
433 2533 460 2578 et
471 2534 560 2580 amata
570 2527 717 2597 relinquere
728 2531 829 2600 pernix.

428 2617 436 2645 t
450 2613 525 2654 ntem
533 2614 608 2666 poem
