2006 2814
118 121 170 176 2³⁰
441 129 595 189 ΗΟΒΑΤῙῙ

116 225 248 280 Ridentur
258 224 330 280 mals
341 225 387 295 qui
399 232 560 296 componunt
572 224 704 290 carmine3
721 235 814 278 verum

116 295 238 350 Gaudent
250 296 392 350 scribentes
403 302 431 348 et
442 313 469 349 ss
481 302 641 350 venerantur
653 301 680 348 et
693 293 769 362 ultro,

115 363 249 430 sicessos,
262 365 372 418 laudant
384 364 512 434 quidquid
525 365 648 433 scripsere
660 347 790 453 bonq‘

115 432 152 486 Ae
164 435 209 503 qui
221 434 370 503 legitimum
383 434 471 504 cupiet
483 435 574 487 fecisse
586 435 686 503 potma,

117 501 182 556 Oum
194 503 291 556 tabulis
303 505 421 556 animum
432 504 544 557 censoris
557 510 642 556 sumet
654 501 772 566 honesti;
850 504 904 556 110
933 511 935 518 ’

116 571 239 640 Audebit,
252 591 414 642 quaecunque
425 590 519 642 parum
532 571 675 642 splendoris
687 570 822 624 habebunt

116 639 152 694 Et
164 642 219 695 siue
231 643 343 713 pondere
355 648 433 695 erunt
445 650 473 695 et
484 642 580 694 honore
591 641 702 708 indigna
713 641 838 709 ferentur,

117 707 203 765 Verba
213 729 316 764 movere
328 712 391 778 loco,
404 711 522 780 quamvis
534 710 620 763 invita
631 709 754 763 recedant

116 777 152 833 Et
164 789 299 834 versentur
310 781 397 834 adhuc
409 781 480 832 iutra
492 779 636 849 penetralia
649 779 744 834 Vestae.

118 849 262 903 Obscurata
274 850 321 902 diu
332 847 428 918 populo
440 848 523 902 bonus
535 855 608 902 eruet
620 854 699 917 atque

116 917 234 972 Proferet
245 920 273 970 iu
286 919 372 970 lucem
384 918 498 989 speciosa
509 918 637 971 vocabula
647 935 742 985 rerum,

118 987 181 1052 Quae
194 988 284 1056 priscis
296 994 439 1040 memorata
451 987 593 1040 Catonibus
605 992 684 1054 atque
697 986 818 1056 Cethegis

116 1054 194 1110 Nunc
207 1057 275 1109 citus
287 1057 406 1110 informis
418 1057 514 1126 premit
526 1065 554 1110 et
566 1057 668 1109 deserta
680 1063 812 1121 vetustss3

116 1125 251 1179 Adsciscet
263 1143 337 1194 nova,
350 1144 408 1196 quse
420 1127 523 1195 genitor
534 1126 687 1196 produxerit
699 1143 769 1179 usus.

117 1194 262 1248 Vehemens
274 1203 302 1249 et
313 1197 431 1263 liquidus
442 1213 557 1265 puroque
570 1195 717 1247 simillimus
729 1195 801 1248 amni
850 1197 902 1250 120

116 1262 221 1317 Fundet
233 1282 293 1333 opes
306 1264 463 1334 Latiumque
474 1264 562 1317 beabit
575 1265 657 1318 divite
669 1263 761 1333 lingua
768 1283 777 1330 ς

116 1331 292 1386 Luxuriantie
303 1341 456 1402 compescet,
468 1334 547 1386 nimis
559 1351 651 1402 aspera
662 1351 725 1388 sano

116 1401 227 1456 herebit
238 1403 320 1468 cultu,
332 1403 431 1456 virtute
443 1404 559 1455 carentia
571 1403 655 1471 tollet,

116 1470 243 1525 Ludeutis
255 1473 368 1542 speciem
380 1471 454 1524 dabit
466 1480 494 1524 et
506 1473 677 1541 torquebitur,
689 1478 720 1527 ut
732 1473 778 1542 qui

116 1538 142 1593 N
142 1559 195 1594 unc
207 1541 337 1610 Satyrum,
350 1558 421 1593 nunc
433 1549 561 1610 agrestem
574 1542 688 1611 Cyclops
699 1548 865 1598 movetur.-

116 1608 280 1664 Praetulerim
293 1611 402 1680 scriptor
414 1611 512 1663 delirus
524 1611 644 1680 inersque
656 1611 746 1677 videri,

115 1677 187 1732 Dum
198 1698 256 1733 mea
265 1680 396 1734 delectent
408 1681 478 1733 mala
489 1697 532 1732 me
544 1681 584 1733 vel
598 1681 710 1749 denique
721 1681 825 1748 fallant,

117 1747 201 1813 Quam
214 1767 302 1819 sapere
315 1749 429 1818 stringi.
466 1749 529 1803 Fuit
541 1750 612 1803 haud
625 1750 748 1818 ignobilis
760 1751 847 1821 Argis,

117 1817 167 1882 Qui
180 1837 206 1870 se
219 1819 339 1872 credebat
351 1820 429 1871 miros
441 1819 532 1872 audire
545 1821 682 1888 tragoedos,

116 1885 149 1939 In
162 1905 242 1940 vacuo
255 1888 330 1940 laetus
343 1906 423 1940 sessor
435 1889 591 1958 plausorque
604 1889 722 1956 thectrc3
849 1895 902 1946 130

116 1955 265 2026 Ceteroqui
278 1958 338 2009 vitae
352 1967 465 2011 servaret
478 1959 568 2010 munia
580 1967 650 2011 recto

114 2023 195 2093 More,
209 2026 291 2080 bonus
304 2044 365 2079 sane
378 2027 486 2094 ricinus,
498 2029 617 2082 amabilis
630 2029 729 2096 hospes,

77 2126 87 2157 3
115 2093 200 2148 Oomis
213 2095 240 2148 in
254 2112 367 2160 uxorem,
378 2104 465 2164 posset
478 2099 524 2164 qui
536 2098 667 2166 ignoscere
679 2099 768 2166 servis,

89 2161 100 2237 ¹,
114 2161 151 2216 Et
163 2165 237 2233 signo
249 2164 309 2217 laeso
322 2181 374 2216 non
387 2166 500 2218 insanire
511 2166 626 2234 lagenae3

76 2203 99 2291 h,
114 2230 204 2286 Posset
217 2234 261 2302 qui
273 2251 365 2303 rupem
377 2242 404 2287 et
416 2243 525 2304 puteum
538 2237 620 2288 vitare
632 2241 775 2304 patentem
782 2289 851 2308 m

114 2299 168 2353 llic
180 2301 225 2352 ubi
238 2319 267 2354 oo
301 2299 407 2356 'atorum
419 2303 510 2372 opibus
523 2306 642 2374 curisque
654 2306 769 2360 refectus
875 2367 879 2372 ,

113 2367 226 2437 Expulit
239 2370 271 2422 he
283 2371 368 2422 leboro
381 2375 499 2424 morbum
511 2371 641 2441 bilemque
654 2391 764 2444 meraco,
782 2393 786 2399 ’
870 2385 874 2393 ’
891 2393 898 2410 ν
913 2381 918 2393 ’

113 2435 149 2492 Et
161 2439 229 2490 redit
240 2438 274 2490 ad
286 2457 348 2506 sese,
361 2438 431 2491 “Pol
443 2455 486 2492 me
498 2439 636 2506 occidistis,
649 2437 735 2502 amici,
983 2441 984 2452 ¹

113 2504 174 2558 Non
187 2507 330 2574 amastis?
343 2507 389 2572 eit,
403 2508 418 2536 “
427 2509 471 2561 cui
484 2509 520 2560 sic
532 2514 636 2560 extorta
648 2505 771 2573 voluptas

114 2572 150 2625 Et
162 2573 282 2640 demptus
294 2577 406 2642 pervim
414 2575 510 2628 mentis
522 2575 685 2644 gratissimus
697 2571 791 2628 error.'’
850 2575 905 2627 140

116 2639 251 2696 Nimirum
262 2638 350 2718 sapbre
359 2649 399 2700 est
406 2643 515 2714 abjectis
527 2646 592 2706 utile
603 2642 682 2710 nugis

194 2749 198 2759 ,
614 2720 619 2734 ’
648 2734 660 2762 f
685 2747 694 2758 .
719 2754 722 2763 ,

250 2781 261 2789 ,ι
341 2776 359 2789 ,ιι
389 2755 401 2790 ¹.
437 2753 459 2789 ι]
