2014 2810
116 62 168 120 14⁶
431 60 588 118 HORATII

116 171 196 226 Ibunt
208 172 308 226 octonis
319 173 461 226 referentes
473 173 564 227 Idibus
576 191 643 228 orez

115 241 167 296 sed
179 233 294 312 pue'r'ti'ffi
303 249 343 296 est
354 260 434 296 ausus
447 243 557 296 Remum
569 251 673 314 portare
684 241 831 297 docendum

116 312 202 379 Artes,
215 329 280 380 quus
292 312 385 366 doceat
397 313 482 382 quivis
494 331 573 381 eques
585 321 664 382 atque
677 321 781 366 senator

116 380 204 434 Semet
217 389 362 450 prognatos.
400 383 505 436 Vestem
518 400 655 452 servosque
667 389 812 452 sequentes,

116 449 150 503 In
161 468 205 503 mu
224 468 257 504 no
270 459 301 516 ut
331 452 417 526 ¹(epulo,
430 453 452 504 si
464 453 509 520 qui
521 452 636 516 vidisset,
649 453 722 505 avitu

116 469 455 591 Etttlmlllumptus
466 522 533 574 mihi
545 511 740 576 crederel'illos.
874 525 908 576 80
995 529 996 532 ’

116 589 177 659 Ipse
189 591 255 642 mihi
267 598 354 643 custos
366 591 606 660 incorruptissimus
618 609 707 645 omnes

117 659 221 713 Circum
234 661 351 713 doctores
362 661 461 715 ederet.
498 661 567 724 Quid
579 661 683 717 multal
705 659 844 728 Pudioum,

118 730 169 794 Qui
182 731 282 800 primus
295 730 401 782 virtutis
413 729 502 850 Qu,
515 731 629 784 servavit
641 731 674 783 ab
687 731 759 783 omni

116 799 141 852 N
143 816 177 852 on
189 799 274 852 solum
285 799 363 866 sueto,
376 816 430 852 veri
440 815 467 851 m
480 800 616 881 opprobrio
630 817 732 868 quoque
744 799 816 869 turpi
826 819 834 864 ;

102 868 172 922 ‘Neo
185 869 283 936 timuit,
296 868 345 920 sibi
357 885 390 921 ne
402 868 467 922 vitio
480 886 538 936 qum
551 875 671 936 verteret,
684 869 747 922 olim
886 918 888 926 ,

117 937 146 992 si
158 955 241 1007 praeoo
254 955 347 1007 panas
359 944 414 1010 eut,
426 944 458 991 ut
469 939 524 992 fuit
535 939 598 1008 ipse,
611 945 714 992 coactor
822 935 909 1006 [nunc

118 999 252 1062 Meffles
268 1025 402 1076 sequerer;
420 1024 505 1077 neque
517 1025 565 1077 ego
582 1003 801 1078 eueffl'queetus:
819 1014 848 1061 ut
859 1008 910 1062 hoe
971 1037 973 1042 ·

117 1075 187 1130 Imus
199 1077 239 1128 illi
251 1077 362 1130 debetur
374 1083 401 1130 et
413 1095 429 1130 u
440 1095 483 1130 me
495 1078 582 1146 gratio
593 1080 683 1148 major.

117 1146 163 1199 Nil
175 1163 217 1198 me
229 1147 357 1216 poeniteat
368 1165 462 1200 sanum
474 1148 557 1217 putris
569 1148 663 1216 hujus;
682 1164 764 1216 eoque

117 1215 142 1268 N
143 1233 184 1283 on,
197 1223 228 1269 ut
240 1234 337 1284 magno
349 1216 408 1269 dolo
420 1217 521 1270 foetum
533 1225 614 1286 neget
626 1235 680 1270 esse
693 1234 738 1269 suo
750 1233 819 1286 pauo,
874 1219 909 1269 90

118 1285 194 1349 Quod
205 1303 258 1338 non
270 1286 399 1354 ingenuos
411 1285 509 1339 hobeet
521 1287 656 1355 clerosque
667 1295 796 1356 parentes,

117 1354 161 1409 sic
172 1371 215 1408 me
227 1355 373 1408 defendam.
409 1355 498 1424 Longe
510 1373 569 1408 meu
580 1356 711 1424 discrepat
722 1355 781 1408 istis

117 1423 154 1477 Et
165 1441 216 1477 vox
229 1430 256 1477 et
267 1425 349 1478 ratio:
367 1442 429 1478 nom
441 1425 464 1478 ui
475 1432 570 1478 natura
577 1425 684 1493 juberet

116 1493 141 1547 A
154 1495 232 1547 certis
244 1493 320 1546 anuis
333 1511 417 1547 aevum
429 1511 544 1548 remeare
556 1503 692 1564 peractum

87 1608 92 1620 ,
116 1563 205 1632 Atque
216 1563 281 1616 alios
293 1563 379 1632 legere
390 1564 424 1616 ud
436 1565 536 1618 suetum
547 1581 664 1633 quoscuu
683 1581 717 1616 ue
728 1569 857 1634 parentes,

118 1633 229 1702 Optauet
241 1633 290 1686 sibi
302 1617 520 1702 quisqifflfi'e'i's*
521 1642 660 1686 contentus
666 1582 794 1686 lionestos

118 1701 243 1756 Fascibus
255 1709 282 1755 et
294 1703 364 1756 sellis
376 1703 473 1755 nollem
484 1704 552 1756 mihi
564 1684 675 1770 sumerd,
685 1703 791 1756 domem

119 1771 138 1824 J
140 1772 227 1825 udicio
239 1772 321 1840 vulgi,
334 1789 413 1824 senus
424 1773 534 1826 fortusse
546 1779 600 1840 tuo,
612 1772 682 1841 quod

117 1839 221 1894 Nollem
234 1858 299 1893 onus
311 1841 383 1894 houd
395 1858 514 1911 unquam
526 1842 618 1895 solitus
629 1848 733 1911 portare
744 1841 894 1896 molestum.
994 1827 996 1866 ³

118 1910 188 1964 Nam
199 1910 265 1962 mihi
277 1911 402 1964 continuo
414 1913 497 1980 major
509 1911 650 1980 quaerenda
662 1912 729 1964 foret
740 1929 781 1964 res
860 1915 912 1964 100
991 1917 994 1938 “

117 1981 206 2049 Atque
219 1979 351 2033 salutandi
364 1980 465 2049 plurem
483 1981 616 2034 ducendus
629 1987 656 2033 et
667 1997 737 2034 unus

117 2049 154 2102 Et
166 2041 338 2116 come'l'ill‘e‘i,¹
349 2050 390 2102 uti
403 2067 436 2102 no
449 2050 518 2103 soluo
530 2067 607 2104 rusve
620 2068 680 2120 pere
713 2066 760 2104 eve

118 2117 240 2182 Exirem3
258 2119 346 2186 plures
358 2118 461 2172 calones
473 2126 552 2188 utque
564 2119 659 2242 {Q

118 2185 254 2253 hiscendi,
267 2179 533 2312 ducenda'fflffl.
596 2207 646 2242 uno
658 2189 724 2242 mihi
737 2193 812 2244 emto

118 2255 161 2312 Ire
174 2256 236 2308 licet
247 2256 318 2310 mulo
331 2257 373 2310 vel
385 2275 407 2309 ει
496 2257 579 2328 usque
590 2245 805 2326 Tarentum*

118 2324 221 2376 Montio
250 2327 293 2378 oui
305 2326 393 2379 lumbo
419 2344 495 2380 onere
508 2329 607 2381 ulceret
619 2335 698 2397 utque
711 2344 790 2396 eques
801 2343 888 2382 armos
895 2347 904 2396 ;

119 2392 140 2443 O
156 2409 219 2458 Jtoio
244 2411 319 2446 nomo
332 2413 372 2447 sor
392 2413 418 2448 es
430 2398 503 2464 mihi,
516 2416 581 2467 quas
594 2397 650 2465 tibi,
663 2397 733 2464 uiui,
808 2390 888 2416 ''¹''

120 2462 207 2523 Quum
221 2462 329 2514 Tiburte
341 2466 385 2516 via
396 2475 535 2533 praetorem
548 2467 664 2536 quinquo
677 2471 823 2535 sequuntur

118 2529 155 2580 'l'e
167 2530 242 2596 pueri
254 2529 374 2584 lemnum
387 2541 521 2602 portantes
534 2536 703 2604 oenophorum
724 2553 761 2588 ue

119 2597 178 2650 Hoc
188 2612 235 2666 ego
248 2592 408 2655 cumulus
420 2620 500 2674 quum
512 2611 550 2675 tu,
698 2609 810 2675 senator,
856 2608 914 2662 110
