2006 2814
116 106 170 162 194¹
434 93 587 147 nonam

112 199 182 263 Quid
190 199 256 252 mihi
265 199 354 253 Celsus
362 196 436 266 agitl
454 196 906 267 monitnsmultumquemonendus,

112 267 234 322 Privatae
247 277 277 322 ut
290 276 390 337 quaerat
403 285 464 336 opes
476 276 503 320 et
517 275 623 334 tangere
638 268 703 319 vitet

112 336 223 407 Scripta,
238 339 375 391 Palatinus
389 354 552 406 quaecunque
565 338 663 405 recepit
678 337 785 406 Apollo;

112 405 160 472 Ne,
173 409 194 460 si
207 407 274 461 forte
286 426 346 461 suas
358 408 500 476 repetitum
514 407 614 458 venerit
627 406 689 459 olim

113 477 183 530 Grex
195 477 284 530 avirrm
298 479 407 546 plumas.
421 483 524 529 moveat
537 476 670 528 cornicula
683 476 764 528 risum

113 545 229 600 Furtivis
242 548 343 600 nudata
355 546 492 599 oloribus.
529 547 587 613 lpse
600 545 664 613 quid
677 545 773 598 audesl
874 551 909 600 20

113 615 179 681 Ques
191 617 386 669 circumvolitas
398 615 475 682 agilis
488 615 598 682 thyrnal
635 616 658 665 N
661 633 693 666 on
708 615 755 666 tibi
769 631 881 682 parvum

114 684 263 755 Ingenium,
277 704 330 738 non
343 673 473 738 inculturir
487 693 526 736 est
538 693 565 736 et
579 685 692 752 turpiter
705 685 810 738 hirtum.

114 754 166 808 Seu
180 756 300 822 linguam
312 755 397 807 causis
410 755 483 806 acuis
496 771 541 806 seu
555 754 638 805 civica
647 756 709 820 jura

114 823 280 894 Respondete
293 843 369 892 paras
382 841 427 875 seu
440 824 530 875 condis
543 822 654 875 amabile
667 840 779 886 carmen,

114 893 205 947 Prima
217 893 284 946 feres
297 893 400 946 hederae
414 893 530 945 victricis
544 893 657 960 prumia.
695 892 804 956 Quodsi

114 963 224 1032 Frigida
235 979 358 1015 curarum
371 963 488 1015 fomenta
500 964 649 1028 relinquere
662 980 756 1031 posses,

115 1032 172 1097 Quo
185 1041 212 1086 te
224 1033 336 1086 coelestis
349 1032 478 1101 sapientia
491 1033 606 1096 duceret,
619 1032 675 1084 ires.

115 1101 174 1156 Hoc
186 1120 258 1171 opus,
272 1102 321 1154 hoc
333 1103 450 1154 studium
464 1103 537 1170 parri
551 1119 718 1170 properemus
730 1107 757 1156 et
769 1103 859 1172 ampli,

115 1171 142 1226 Si
156 1172 248 1240 patrita
261 1171 388 1236 volumus,
401 1172 422 1224 si
436 1172 508 1224 nobis
523 1173 609 1223 vivere
622 1172 682 1224 cari.

115 1241 201 1296 Debes
214 1241 262 1294 hoc
275 1242 354 1294 etiarn
367 1240 513 1304 rescribere,
527 1243 547 1292 si
562 1241 609 1292 tibi
623 1259 691 1293 cnrae
876 1248 912 1298 30

116 1310 231 1376 Quantae
242 1312 381 1364 conveniat
396 1311 541 1368 Munatius.
554 1329 588 1362 an
601 1311 669 1362 rnale
682 1317 754 1364 serta
784 1340 795 1347 -

116 1381 208 1434 Gratia
220 1381 398 1449 nequidquam
411 1381 464 1432 coit
476 1388 503 1432 et
517 1380 680 1434 rescinditur.
718 1382 810 1435 Atros

116 1449 168 1504 Seu
181 1451 282 1503 calidus
294 1451 401 1518 sanguis
413 1467 459 1502 sen
471 1467 557 1502 rerum
571 1449 675 1502 inscitia
688 1457 767 1504 vexat

116 1518 250 1573 Indomita
262 1521 362 1572 cervice
374 1520 448 1585 ferae,
463 1519 611 1586 ubicunque
625 1519 740 1573 locorum

117 1588 221 1654 vivitis,
235 1590 338 1659 indigni
351 1590 497 1642 fraternum
510 1605 630 1658 rumpere
643 1589 735 1656 foedus,

117 1657 238 1713 Pascitur
250 1660 278 1712 in
290 1666 408 1714 restrum
419 1659 535 1711 reditum
547 1659 636 1712 votiva
644 1661 767 1728 juvenca.

202 1841 377 1897 EPISTOLA
396 1839 518 1900 IV.-,so
531 1852 643 1892 unsrun
655 1852 810 1891 rrsunuun.

115 1946 196 2003 Anni,
209 1957 354 1994 nostrorum
369 1959 516 1994 sermonum
530 1943 640 1994 candide
649 1943 741 2008 judex,

119 2015 188 2079 Quid
201 2031 272 2067 nunc
284 2021 311 2067 te
324 2014 409 2066 dicam
422 2014 506 2066 facere
520 2014 547 2064 in
560 2015 664 2081 regione
678 2013 784 2066 Pedana
791 2011 805 2076 l,
987 2059 988 2062 ,

119 2083 234 2138 Scribere
248 2085 315 2152 qnod
330 2084 401 2136 Cassi
417 2084 563 2134 Parmensis
576 2084 702 2151 opuscula
715 2084 811 2150 vincat,
987 2063 988 2154 i

117 2155 161 2206 An
174 2153 285 2206 tacitum
298 2153 376 2205 silvas
388 2153 458 2205 inter
470 2160 573 2220 reptare
585 2152 708 2219 salubres,
987 2157 988 2168 ³

119 2222 260 2274 (iurantem
273 2222 402 2290 quidquid
416 2222 525 2290 dignum
540 2223 657 2290 sapiente
671 2221 787 2290 bonoque
800 2223 858 2277 esti

118 2290 178 2343 Non
191 2299 221 2342 tu
234 2308 326 2358 corpus
338 2308 394 2343 eras
407 2291 462 2343 sine
476 2299 585 2359 pectore.
621 2291 656 2342 Di
672 2293 718 2344 tibi
733 2294 851 2362 formam,

118 2358 153 2411 Di
169 2359 217 2410 tibi
229 2359 336 2411 divitius
349 2359 478 2411 dederuut
491 2369 625 2430 artemque
639 2361 750 2414 fruendi

119 2426 191 2490 Quid
204 2437 296 2480 voveat
309 2428 380 2480 dulci
393 2429 526 2480 nutricula
537 2431 622 2497 majus
635 2429 749 2496 alumno,

120 2495 172 2559 Qui
186 2513 275 2562 sapere
288 2504 314 2550 et
327 2498 377 2549 sari
391 2499 470 2564 possit
483 2515 540 2565 quie
553 2499 657 2564 sentiat,
670 2508 697 2551 et
710 2499 754 2552 cui

120 2563 219 2623 Gratia,
231 2564 309 2629 fama,
323 2565 446 2618 valetudo
458 2568 595 2634 contingat
607 2567 711 2620 abunde
879 2574 917 2626 10

120 2631 156 2688 Et
166 2633 281 2688 mundus
293 2634 387 2697 nctus,
398 2650 451 2687 non
463 2635 600 2690 deficiente
611 2635 754 2698 crumena?
