2006 2814
88 69 140 125 190
413 57 564 113 uorum

88 170 139 223 Sed
151 167 351 237 quadringentis
363 185 408 221 sex
420 177 521 238 septem
532 171 617 224 millis
628 171 737 224 desunt:

86 239 164 294 Plebs
176 241 234 294 eris.
271 243 307 294 At
319 241 394 333 pueri
406 240 534 306 ludentes,
547 239 628 292 “Rex
640 235 715 305 erie,”
727 235 812 302 ciunt,

86 311 101 338 “
111 311 138 361 Si
151 318 221 364 recte
232 310 336 364 facies.'
373 310 425 364 Hic
437 328 527 363 murus
539 311 638 363 e'e'neue
651 316 705 362 esto
718 325 723 359 :
845 309 879 357 (30

85 379 131 433 Nil
144 379 259 433 conscire
271 379 328 447 sibi,
340 378 415 433 nulle
427 379 567 449 pallescere
579 378 665 450 culpe.

86 447 186 516 Roscio,
199 449 242 502 dic
255 450 336 516 sodes,
348 449 440 502 melior
451 449 503 516 lex,
515 467 549 501 en
562 467 703 518 puerorum
715 455 755 502 est

85 517 180 585 Nonio,
192 535 251 586 quae
264 537 376 588 regnum
388 525 458 572 recte
470 519 628 571 facientibus
640 519 722 586 offert,

85 586 121 640 Et
132 589 249 642 muribus
262 588 346 641 Curiis
358 595 386 640 et
398 588 539 640 decantate
552 587 686 641 Camillis?

86 656 148 710 Ione
159 657 210 710 tibi
221 658 315 710 melius
327 657 428 723 suadet,
442 657 555 726 quirem
567 657 657 721 facias,
669 675 732 724 rem,

86 725 114 780 si
126 727 215 796 possis,
227 734 306 793 recte,
319 727 341 778 ei
353 744 414 792 non,
428 743 585 794 quocunque
598 726 674 779 modo
687 743 749 795 rem,

85 795 125 850 Ut
138 797 244 867 propius
257 801 357 865 spectes
370 795 507 849 lacrimose
518 798 642 865 poemate
654 796 733 866 Pupi,

85 865 129 918 An
143 867 189 934 qui
203 866 326 919 Fortunae
339 870 366 918 te
378 882 529 934 responsore
541 864 658 934 superbae

85 933 210 988 Liberum
221 939 249 987 ct
261 940 377 987 erectum
408 951 502 987 raesens
514 935 637 988 hortetur
648 941 676 988 et
687 934 781 1004 epteti

86 1003 163 1068 Quod
175 1003 252 1056 sime
264 1004 378 1072 populus
431 1021 525 1057 manus
537 1004 605 1058 forte
616 1009 698 1072 roget,
711 1021 760 1058 cur
847 1007 884 1060 70

85 1072 112 1126 N
113 1090 155 1141 on,
166 1080 199 1126 ut
211 1072 362 1142 porticibus,
375 1073 412 1126 sic
420 1073 529 1143 judiciis
540 1074 615 1126 fruor
626 1074 718 1140 isdem,

86 1142 142 1195 Nec
154 1159 248 1210 sequer
260 1148 308 1196 eut
319 1142 429 1211 fugiam,
442 1159 501 1212 quae
513 1143 603 1211 diligit
615 1142 670 1214 ipse
682 1143 725 1197 vel
736 1141 800 1211 odit,

87 1208 158 1264 Olim
169 1212 240 1278 quod
252 1212 345 1278 vulpes
357 1219 455 1281 aegroto
467 1220 545 1265 ceute
556 1212 626 1266 leoni

86 1280 238 1352 Respondit,
250 1283 379 1336 referem:
398 1282 413 1310 “
423 1282 491 1347 Quin
499 1300 542 1336 me
553 1281 666 1352 vestigio
676 1286 784 1351 terrent,

85 1352 181 1406 Omnis
194 1361 220 1405 te
230 1352 371 1405 adversm
382 1353 535 1421 spectentis,
547 1352 623 1406 nulle
634 1351 799 1406 retrorsum.”

84 1420 179 1475 Bellus
190 1421 336 1475 multorum
347 1439 375 1475 es
392 1423 518 1494 cupitum.
553 1422 626 1476 Nem
638 1422 704 1491 quid
715 1439 811 1492 sequor
827 1431 877 1478 eut

84 1491 298 1612 Pniifflhnciririnum
310 1556 391 1626 gestit
402 1555 547 1609 conducere
559 1553 672 1624 publice,
684 1559 747 1608 eunt
758 1556 805 1623 qui

86 1627 185 1681 Oruetis
197 1637 225 1680 et
236 1627 319 1696 pomis
332 1626 425 1680 viduos
437 1632 568 1679 venentur
579 1641 680 1690 crem,

86 1695 282 1765 Excipientque
293 1713 373 1761 senes,
386 1711 451 1763 quos
463 1695 492 1747 in
505 1695 605 1748 viverio
616 1694 727 1747 mittent
734 1711 742 1756 ;

86 1764 182 1818 Multis
194 1766 298 1819 occulto
310 1765 403 1818 crescit
415 1781 456 1816 ree
468 1765 573 1818 foenore.
610 1763 711 1816 Verum
845 1766 881 1817 80

86 1833 151 1887 Esto
162 1833 222 1888 eliis
233 1834 299 1888 ulios
310 1833 387 1886 rebus
400 1833 546 1902 studiisque
558 1832 658 1887 teneri:

87 1901 172 1956 Iidem
184 1903 276 1956 ecdem
288 1909 399 2024 Egssunt
410 1903 502 1955 horem
513 1903 608 1956 durare
620 1901 777 1970 prebentesi

87 1971 103 2001 “
111 1969 208 2024 Nullus
219 1971 249 2025 in
260 1989 289 2026 or
333 1970 406 2022 sinus
417 1966 491 2021 Boiis
503 1968 630 2036 prrelucet
641 1968 775 2036 emoenis‚”

88 2031 117 2086 si
130 2032 201 2086 dixit
212 2033 293 2100 dives,
306 2034 379 2086 lecus
391 2042 419 2087 et
430 2053 502 2088 mere
515 2039 596 2090 sentit
607 2055 723 2090 emerem

89 2101 336 2167 Festinantieher13
354 2103 398 2156 cui
410 2103 432 2156 si
446 2104 540 2158 vitiose
551 2105 633 2159 libido

90 2170 194 2224 Fecerit
205 2172 365 2241 euspicium:
383 2189 441 2226 cres
452 2173 612 2228 ferramenta
623 2175 742 2230 Teanum

90 2238 205 2305 delictis,
218 2239 293 2294 febri.
329 2241 425 2294 Lectus
437 2243 548 2310 genialis
560 2244 588 2296 in
601 2244 663 2298 sule
675 2253 728 2300 est:

88 2307 135 2360 Nil
147 2309 187 2361 nit
198 2326 253 2362 esee
265 2310 345 2378 prius,
357 2310 451 2364 melius
463 2312 502 2364 nil
515 2312 606 2367 coelibe
618 2314 689 2379 vite;

89 2375 118 2428 Si
131 2392 183 2428 non
195 2384 242 2443 est,
250 2380 325 2446 juret
337 2378 403 2432 bene
415 2380 476 2433 solie
487 2399 542 2435 esee
554 2383 663 2437 meritis.

90 2445 147 2508 Quo
160 2452 264 2498 teneam
276 2447 367 2500 vultus
379 2455 528 2503 mutentem
541 2452 636 2506 Proteo
647 2454 733 2507 nodoi

91 2512 162 2576 Quid
174 2515 290 2582 pauperi
310 2516 389 2570 Ride:
407 2525 496 2573 mutet
507 2521 650 2588 coennculc,
662 2522 750 2592 lectos,

90 2579 198 2647 Balnea,
210 2589 332 2650 tonsores,
345 2585 474 2640 conducto
485 2590 590 2657 navigio
604 2607 677 2659 seque

95 2648 209 2706 Neuseet
220 2668 252 2708 eo
262 2651 386 2722 locuples,
397 2671 477 2724 quem
488 2657 564 2713 ducit
575 2660 651 2730 privo
662 2660 782 2718 triremis,
