2006 2814
133 55 186 114 tlt
456 56 609 110 HORATII

135 155 189 214 Sed
200 155 275 214 videt
287 161 357 212 hunc
370 159 454 212 omnis
466 160 558 211 domus
570 165 598 212 et
609 158 706 211 vicinis
718 163 777 212 totu

139 230 283 283 Introrsum
296 239 407 297 turpem,
420 229 565 298 speciosum
577 227 645 296 pelle
657 228 759 281 decora.

137 299 152 326 '¹
161 297 215 350 Nec
227 299 328 351 furtum
340 299 392 352 feci
404 317 452 353 nec
464 300 546 368 fugiss'
559 300 581 351 si
593 298 659 350 mihi
671 297 745 350 dicet

136 367 238 430 Servus,
252 369 265 396 ·‘
274 369 362 421 Habes
375 371 496 438 pretium,
508 369 569 421 loris
581 385 633 421 non
646 367 754 432 ureris,”
766 367 818 421 eio.

136 435 151 462 “
159 436 183 487 N
185 454 216 488 on
228 437 360 490 hominem
369 439 476 492 occidi.”
495 438 578 490 “Non
589 454 678 504 pasces
690 436 718 487 iu
729 454 808 488 cruce
817 439 939 492 corvos.''

144 504 223 557 ‘Sum
235 505 318 560 bonus
330 518 357 560 et
370 505 465 577 lrugi”
501 507 601 559 Reuuit
614 506 769 574 negitatque
783 506 931 562 Sabellus:

135 571 234 624 Cautus
247 578 317 626 enim
329 579 425 627 metuit
437 576 539 626 foveam
552 571 639 641 lupus,
651 573 834 641 accipiterque
909 581 946 630 to

134 639 274 709 Suspectos
286 643 398 708 loqueos,
412 650 438 695 et
450 649 569 709 opertum
582 641 681 693 miluus
693 642 812 696 hamum.

135 709 253 765 Oderunt
265 727 371 779 peccare
382 709 444 761 boni
455 708 561 760 virtutis
573 725 675 773 emore3

133 777 173 831 Vn
187 780 253 833 nihil
266 779 389 831 edmittes
401 779 429 830 in
442 787 467 830 te
480 777 618 830 formidine
630 795 728 846 poenae:

132 847 173 900 Sit
186 865 244 916 spes
255 848 372 912 fallendi,
385 846 504 900 miscebis
516 865 589 898 sacra
601 848 732 916 profanis;

133 915 201 968 Nom
213 917 245 969 de
257 916 329 968 mille
341 917 408 969 sebee
420 917 513 969 modiis
525 933 606 983 quum
619 917 728 984 surripis
742 935 836 988 unum,

133 983 264 1040 Damnum
276 993 323 1049 est,
335 1003 387 1038 non
399 987 509 1051 facinus,
522 985 586 1037 mihi
599 996 675 1054 pecto
689 986 773 1039 lenius
786 989 848 1044 isto.

135 1053 179 1106 Vir
192 1053 281 1120 bonue
290 1073 366 1108 omne
376 1057 461 1108 forum
474 1072 551 1123 quem
561 1065 663 1122 spectat
671 1062 699 1107 et
708 1073 785 1109 omne
796 1059 931 1127 tribunal,

130 1122 346 1192 Quandocunque
360 1126 426 1177 Deos
439 1124 479 1178 vel
493 1141 569 1192 porco
582 1124 623 1175 vel
635 1122 699 1176 bove
713 1125 809 1191 placet,

130 1192 225 1246 “June
239 1193 336 1263 peter,”
350 1194 426 1258 clare,
439 1193 508 1245 clere
520 1209 602 1258 quum
616 1192 693 1259 dixit,
706 1195 721 1221 ‘⁶
732 1195 853 1264 Apollo,''

131 1261 217 1314 lubre
230 1271 317 1316 movet
329 1272 447 1316 metuens
459 1261 552 1324 audiri,
565 1263 579 1288 “
590 1261 706 1316 Pulchro
719 1263 849 1336 Laverna,
899 1277 937 1328 60

129 1329 171 1384 Du
182 1332 247 1384 milri
260 1332 357 1398 fellere,
371 1332 404 1384 du
413 1335 485 1400 justo
498 1337 639 1396 sanctoque
653 1331 742 1396 videri,

127 1399 236 1454 Noctem
250 1402 363 1470 peccatis
375 1409 402 1453 et
414 1398 550 1453 fraudibus
561 1397 643 1466 oince
656 1399 753 1452 nubem
761 1405 787 1458 !’‘

128 1470 180 1536 Qui
193 1471 374 1535 melioremve,
387 1470 434 1538 qui
447 1468 550 1522 liberior
562 1468 596 1520 sit
608 1486 711 1537 avarus,

127 1539 159 1592 ln
173 1541 256 1593 triviis
270 1540 351 1592 fixum
364 1556 444 1609 quum
457 1556 483 1590 se
495 1537 612 1590 demittit
624 1539 656 1590 ob
668 1556 760 1606 essem,

125 1607 185 1662 Non
198 1611 287 1673 video;
305 1610 424 1678 namqui
437 1608 532 1676 cupiet,
545 1616 645 1659 metuet
658 1625 776 1676 quoque;
795 1629 884 1687 porro,

125 1677 177 1744 Qui
189 1691 308 1732 metuens
320 1680 398 1741 vivet,
412 1679 476 1730 liber
488 1675 553 1727 mihi
566 1693 618 1728 non
631 1677 680 1728 erit
692 1695 820 1759 uuquam.

125 1745 244 1802 Perdidit
256 1767 334 1814 erma,
348 1749 434 1800 locum
446 1745 551 1799 virtutis
564 1745 686 1812 deseruit,
699 1765 745 1814 qur

123 1815 231 1888 Semper
243 1820 269 1870 in
283 1817 403 1886 augenda
415 1816 523 1868 festinat
536 1822 562 1865 et
575 1814 693 1866 obruitur
705 1834 740 1870 re.

125 1885 243 1941 Vendere
255 1904 336 1956 quum
349 1887 429 1955 possis
442 1884 583 1952 captivum,
596 1883 712 1937 occidere
724 1886 795 1953 noli;

123 1954 224 2010 Serviet
238 1957 351 2009 utiliter:
370 1956 425 2008 siue
438 1961 528 2023 puscet
540 1952 620 2004 durus
633 1963 749 2022 aretque,
885 1965 925 2020 70

122 2023 237 2095 Naviget
249 2043 279 2078 ec
292 2025 384 2078 mediis
397 2023 494 2075 hiemet
508 2037 634 2074 mercator
646 2022 673 2072 in
688 2024 781 2090 undis;

121 2096 239 2149 Annonae
252 2095 348 2163 prosit;
366 2101 452 2161 portet
464 2091 596 2144 frumenta
608 2107 750 2160 penusque

122 2168 170 2223 Vir
181 2170 266 2223 bonus
277 2176 305 2221 et
317 2184 421 2236 cupreus
432 2164 541 2218 audebit
553 2164 646 2231 dicere,
659 2167 673 2192 ‘⁶
683 2165 816 2241 Pentheu,

121 2238 216 2294 Rector
229 2239 387 2297 lbebarum,
399 2236 463 2304 quid
476 2252 518 2286 me
530 2235 643 2303 perferre
655 2237 766 2305 patique
838 2245 925 2320 [Μ’

121 2307 269 2376 indignum
282 2323 357 2374 coges
369 2305 393 2359 l”
412 2305 557 2356 “Adimam
571 2303 662 2356 boue.'’
689 2306 815 2380 “Nempe
827 2331 926 2389 pecus,

122 2376 223 2442 lectos,
235 2389 373 2443 argentum
385 2392 391 2427 :
411 2375 487 2426 tollas
499 2373 586 2426 licet.''
622 2376 636 2400 ‘⁶
646 2374 679 2426 ln
693 2381 805 2434 manicis
817 2392 848 2438 et

122 2445 295 2514 Compedibus
309 2461 375 2496 saevo
387 2453 414 2496 te
424 2443 471 2495 sub
484 2443 591 2496 custode
603 2444 721 2497 tenebo.’'

124 2517 139 2544 ‘⁴
152 2518 212 2584 lpse
224 2515 303 2578 Deus,
316 2513 394 2565 simul
405 2522 485 2580 utpue
500 2513 592 2580 volem,
605 2531 647 2566 me
659 2516 768 2570 solvet.’¹
806 2520 918 2592 opinor

127 2580 183 2635 'loe
194 2580 291 2634 sentit:
312 2578 415 2632 Moriar
425 2597 433 2643 ;
451 2596 520 2634 mors
532 2581 627 2636 ultime
638 2581 709 2636 lineo
720 2602 812 2645 rerum
822 2601 877 2650 est.
916 2573 927 2602 ’
