<?xml version="1.0" encoding="UTF-8"?>
<!DOCTYPE html PUBLIC "-//W3C//DTD XHTML 1.0 Transitional//EN"
    "http://www.w3.org/TR/xhtml1/DTD/xhtml1-transitional.dtd">
<html xmlns="http://www.w3.org/1999/xhtml" xml:lang="en" lang="en">
 <head>
  <title>
</title>
<meta http-equiv="Content-Type" content="text/html;charset=utf-8" />
  <meta name='ocr-system' content='tesseract 3.04.00' />
  <meta name='ocr-capabilities' content='ocr_page ocr_carea ocr_par ocr_line ocrx_word'/>
</head>
<body>
  <div class='ocr_page' id='page_1' title='image "./qhoratiiflaccio04horagoog_0045.png"; bbox 0 0 1990 2810; ppageno 0'>
   <div class='ocr_carea' id='block_1_1' title="bbox 85 113 609 174">
    <p class='ocr_par' dir='ltr' id='par_1_1' title="bbox 85 113 609 174">
     <span class='ocr_line' id='line_1_1' title="bbox 85 113 609 174; baseline 0.002 -3"><span class='ocrx_word' id='word_1_1' title='bbox 85 157 87 160; x_wconf 84' lang='lat'>-</span> <span class='ocrx_word' id='word_1_2' title='bbox 142 113 177 174; x_wconf 64' lang='grc' dir='ltr'><strong>Ξῖ</strong></span> <span class='ocrx_word' id='word_1_3' title='bbox 454 115 609 174; x_wconf 73' lang='lat' dir='ltr'><strong>nonum</strong></span> 
     </span>
    </p>
   </div>
   <div class='ocr_carea' id='block_1_2' title="bbox 141 216 791 1342">
    <p class='ocr_par' dir='ltr' id='par_1_2' title="bbox 207 216 696 292">
     <span class='ocr_line' id='line_1_2' title="bbox 207 216 696 292; baseline 0.002 -19"><span class='ocrx_word' id='word_1_4' title='bbox 207 218 279 290; x_wconf 73' lang='lat' dir='ltr'><strong>Engo</strong></span> <span class='ocrx_word' id='word_1_5' title='bbox 290 216 452 286; x_wconf 74' lang='lat' dir='ltr'><strong>Quintilium</strong></span> <span class='ocrx_word' id='word_1_6' title='bbox 464 225 608 290; x_wconf 84' lang='lat' dir='ltr'><strong>perpetuus</strong></span> <span class='ocrx_word' id='word_1_7' title='bbox 619 235 696 292; x_wconf 83' lang='lat' dir='ltr'><strong>sopor</strong></span> 
     </span>
    </p>

    <p class='ocr_par' dir='ltr' id='par_1_3' title="bbox 208 288 727 360">
     <span class='ocr_line' id='line_1_3' title="bbox 208 288 727 360; baseline 0.004 -16"><span class='ocrx_word' id='word_1_8' title='bbox 208 288 307 360; x_wconf 78' lang='lat' dir='ltr'><strong>Urget!</strong></span> <span class='ocrx_word' id='word_1_9' title='bbox 326 289 371 344; x_wconf 86' lang='lat' dir='ltr'><strong>oui</strong></span> <span class='ocrx_word' id='word_1_10' title='bbox 382 289 472 343; x_wconf 91' lang='lat' dir='ltr'><strong>Pudor</strong></span> <span class='ocrx_word' id='word_1_11' title='bbox 483 295 511 343; x_wconf 91' lang='lat' dir='ltr'><strong>et</strong></span> <span class='ocrx_word' id='word_1_12' title='bbox 523 289 543 344; x_wconf 87' lang='lat' dir='ltr'><strong>J</strong></span> <span class='ocrx_word' id='word_1_13' title='bbox 544 289 643 344; x_wconf 79' lang='lat' dir='ltr'><strong>ustitia</strong></span> <span class='ocrx_word' id='word_1_14' title='bbox 656 305 727 346; x_wconf 88' lang='lat' dir='ltr'><strong>soror</strong></span> 
     </span>
    </p>

    <p class='ocr_par' dir='ltr' id='par_1_4' title="bbox 208 357 709 442">
     <span class='ocr_line' id='line_1_4' title="bbox 208 357 709 442; baseline 0 -28"><span class='ocrx_word' id='word_1_15' title='bbox 208 357 319 414; x_wconf 83' lang='lat' dir='ltr'><strong>Incorru</strong></span> <span class='ocrx_word' id='word_1_16' title='bbox 338 367 366 414; x_wconf 86' lang='lat' dir='ltr'><strong>ta</strong></span> <span class='ocrx_word' id='word_1_17' title='bbox 378 359 456 414; x_wconf 81' lang='lat' dir='ltr'><strong>Fides</strong></span> <span class='ocrx_word' id='word_1_18' title='bbox 467 359 592 442; x_wconf 77' lang='lat' dir='ltr'><strong>nudaque</strong></span> <span class='ocrx_word' id='word_1_19' title='bbox 604 360 709 414; x_wconf 79' lang='lat' dir='ltr'><strong>Veritas</strong></span> 
     </span>
    </p>

    <p class='ocr_par' dir='ltr' id='par_1_5' title="bbox 141 376 717 513">
     <span class='ocr_line' id='line_1_5' title="bbox 141 376 717 513; baseline 0.002 -30"><span class='ocrx_word' id='word_1_20' title='bbox 141 489 145 502; x_wconf 35' lang='grc' dir='ltr'>ι</span> <span class='ocrx_word' id='word_1_21' title='bbox 243 376 354 495; x_wconf 64' lang='lat' dir='ltr'><strong>Quanllo</strong></span> <span class='ocrx_word' id='word_1_22' title='bbox 365 429 452 484; x_wconf 90' lang='lat' dir='ltr'><strong>ullum</strong></span> <span class='ocrx_word' id='word_1_23' title='bbox 464 429 597 484; x_wconf 79' lang='lat' dir='ltr'><strong>inueniett</strong></span> <span class='ocrx_word' id='word_1_24' title='bbox 610 429 717 513; x_wconf 79' lang='lat' dir='ltr'><strong>pareml</strong></span> 
     </span>
    </p>

    <p class='ocr_par' dir='ltr' id='par_1_6' title="bbox 207 497 669 568">
     <span class='ocr_line' id='line_1_6' title="bbox 207 497 669 568; baseline -0.004 -14"><span class='ocrx_word' id='word_1_25' title='bbox 207 497 303 554; x_wconf 86' lang='lat' dir='ltr'><strong>Multis</strong></span> <span class='ocrx_word' id='word_1_26' title='bbox 315 499 360 553; x_wconf 90' lang='lat' dir='ltr'><strong>ille</strong></span> <span class='ocrx_word' id='word_1_27' title='bbox 372 499 447 553; x_wconf 88' lang='lat' dir='ltr'><strong>bonis</strong></span> <span class='ocrx_word' id='word_1_28' title='bbox 458 498 553 552; x_wconf 88' lang='lat' dir='ltr'><strong>flebilis</strong></span> <span class='ocrx_word' id='word_1_29' title='bbox 565 500 669 568; x_wconf 84' lang='lat' dir='ltr'><strong>occidit,</strong></span> 
     </span>
    </p>

    <p class='ocr_par' dir='ltr' id='par_1_7' title="bbox 207 569 687 640">
     <span class='ocr_line' id='line_1_7' title="bbox 207 569 687 640; baseline 0.002 -16"><span class='ocrx_word' id='word_1_30' title='bbox 207 569 284 624; x_wconf 85' lang='lat' dir='ltr'><strong>Nulli</strong></span> <span class='ocrx_word' id='word_1_31' title='bbox 295 569 406 624; x_wconf 88' lang='lat' dir='ltr'><strong>flebilior</strong></span> <span class='ocrx_word' id='word_1_32' title='bbox 417 586 498 640; x_wconf 84' lang='lat' dir='ltr'><strong>quarn</strong></span> <span class='ocrx_word' id='word_1_33' title='bbox 509 569 567 640; x_wconf 79' lang='lat' dir='ltr'><strong>ribi,</strong></span> <span class='ocrx_word' id='word_1_34' title='bbox 580 569 687 639; x_wconf 74' lang='lat' dir='ltr'><strong>virgili.</strong></span> 
     </span>
    </p>

    <p class='ocr_par' dir='ltr' id='par_1_8' title="bbox 207 639 756 774">
     <span class='ocr_line' id='line_1_8' title="bbox 207 639 756 710; baseline 0 -16"><span class='ocrx_word' id='word_1_35' title='bbox 207 639 249 695; x_wconf 70' lang='lat' dir='ltr'><strong>liu</strong></span> <span class='ocrx_word' id='word_1_36' title='bbox 260 641 360 694; x_wconf 85' lang='lat' dir='ltr'><strong>frustra</strong></span> <span class='ocrx_word' id='word_1_37' title='bbox 370 639 431 710; x_wconf 90' lang='lat' dir='ltr'><strong>pius</strong></span> <span class='ocrx_word' id='word_1_38' title='bbox 442 639 497 694; x_wconf 83' lang='lat' dir='ltr'><strong>heu</strong></span> <span class='ocrx_word' id='word_1_39' title='bbox 508 656 562 693; x_wconf 91' lang='lat' dir='ltr'><strong>non</strong></span> <span class='ocrx_word' id='word_1_40' title='bbox 574 639 614 696; x_wconf 85' lang='lat' dir='ltr'><strong>ita</strong></span> <span class='ocrx_word' id='word_1_41' title='bbox 624 639 756 694; x_wconf 83' lang='lat' dir='ltr'><strong>creditum</strong></span> 
     </span>
     <span class='ocr_line' id='line_1_9' title="bbox 244 708 593 774; baseline 0 -10"><span class='ocrx_word' id='word_1_42' title='bbox 244 709 333 764; x_wconf 89' lang='lat' dir='ltr'><strong>Poscis</strong></span> <span class='ocrx_word' id='word_1_43' title='bbox 345 708 505 774; x_wconf 68' lang='lat' dir='ltr'><strong>Quintilium</strong></span> <span class='ocrx_word' id='word_1_44' title='bbox 517 709 593 764; x_wconf 88' lang='lat' dir='ltr'><strong>Deos.</strong></span> 
     </span>
    </p>

    <p class='ocr_par' dir='ltr' id='par_1_9' title="bbox 208 778 705 851">
     <span class='ocr_line' id='line_1_10' title="bbox 208 778 705 851; baseline 0 -17"><span class='ocrx_word' id='word_1_45' title='bbox 208 779 284 847; x_wconf 87' lang='lat' dir='ltr'><strong>Quod</strong></span> <span class='ocrx_word' id='word_1_46' title='bbox 296 781 319 834; x_wconf 88' lang='lat' dir='ltr'><strong>si</strong></span> <span class='ocrx_word' id='word_1_47' title='bbox 332 779 453 834; x_wconf 70' lang='lat' dir='ltr'><strong>Threicio</strong></span> <span class='ocrx_word' id='word_1_48' title='bbox 465 778 589 833; x_wconf 86' lang='lat' dir='ltr'><strong>blandius</strong></span> <span class='ocrx_word' id='word_1_49' title='bbox 602 779 705 851; x_wconf 89' lang='lat' dir='ltr'><strong>Orpheo</strong></span> 
     </span>
    </p>

    <p class='ocr_par' dir='ltr' id='par_1_10' title="bbox 205 848 724 920">
     <span class='ocr_line' id='line_1_11' title="bbox 205 848 724 920; baseline 0 -15"><span class='ocrx_word' id='word_1_50' title='bbox 205 850 335 905; x_wconf 80' lang='lat' dir='ltr'><strong>Auditum</strong></span> <span class='ocrx_word' id='word_1_51' title='bbox 345 848 478 902; x_wconf 77' lang='lat' dir='ltr'>moderere</span> <span class='ocrx_word' id='word_1_52' title='bbox 489 848 624 903; x_wconf 78' lang='lat' dir='ltr'><strong>arboribus</strong></span> <span class='ocrx_word' id='word_1_53' title='bbox 637 849 724 920; x_wconf 78' lang='lat' dir='ltr'><strong>fidem,</strong></span> 
     </span>
    </p>

    <p class='ocr_par' dir='ltr' id='par_1_11' title="bbox 205 918 707 1059">
     <span class='ocr_line' id='line_1_12' title="bbox 205 918 707 991; baseline -0.008 -15"><span class='ocrx_word' id='word_1_54' title='bbox 205 920 233 976; x_wconf 81' lang='grc' dir='ltr'>Ν</span> <span class='ocrx_word' id='word_1_55' title='bbox 233 938 267 975; x_wconf 94' lang='lat' dir='ltr'><strong>on</strong></span> <span class='ocrx_word' id='word_1_56' title='bbox 279 935 354 975; x_wconf 77' lang='lat' dir='ltr'><strong>rena</strong></span> <span class='ocrx_word' id='word_1_57' title='bbox 365 918 456 972; x_wconf 83' lang='lat' dir='ltr'><strong>redeat</strong></span> <span class='ocrx_word' id='word_1_58' title='bbox 468 920 576 988; x_wconf 78' lang='lat' dir='ltr'><strong>sanguis</strong></span> <span class='ocrx_word' id='word_1_59' title='bbox 588 920 707 991; x_wconf 78' lang='lat' dir='ltr'><strong>imagini,</strong></span> 
     </span>
     <span class='ocr_line' id='line_1_13' title="bbox 242 988 633 1059; baseline -0.008 -15"><span class='ocrx_word' id='word_1_60' title='bbox 242 993 329 1058; x_wconf 86' lang='lat' dir='ltr'><strong>Quam</strong></span> <span class='ocrx_word' id='word_1_61' title='bbox 340 989 419 1058; x_wconf 27' lang='lat' dir='ltr'><strong>virga·</strong></span> <span class='ocrx_word' id='word_1_62' title='bbox 428 988 508 1042; x_wconf 87' lang='lat' dir='ltr'><strong>semel</strong></span> <span class='ocrx_word' id='word_1_63' title='bbox 520 989 633 1059; x_wconf 85' lang='lat' dir='ltr'><strong>horrida,</strong></span> 
     </span>
    </p>

    <p class='ocr_par' dir='ltr' id='par_1_12' title="bbox 206 1059 701 1131">
     <span class='ocr_line' id='line_1_14' title="bbox 206 1059 701 1131; baseline -0.002 -15"><span class='ocrx_word' id='word_1_64' title='bbox 206 1061 267 1116; x_wconf 83' lang='lat' dir='ltr'><strong>Non</strong></span> <span class='ocrx_word' id='word_1_65' title='bbox 279 1060 346 1114; x_wconf 85' lang='lat' dir='ltr'><strong>lenis</strong></span> <span class='ocrx_word' id='word_1_66' title='bbox 357 1059 478 1131; x_wconf 82' lang='lat' dir='ltr'><strong>precibus</strong></span> <span class='ocrx_word' id='word_1_67' title='bbox 490 1059 548 1112; x_wconf 83' lang='lat' dir='ltr'><strong>fata</strong></span> <span class='ocrx_word' id='word_1_68' title='bbox 559 1059 701 1130; x_wconf 78' lang='lat' dir='ltr'><strong>recludere,</strong></span> 
     </span>
    </p>

    <p class='ocr_par' dir='ltr' id='par_1_13' title="bbox 205 1128 713 1202">
     <span class='ocr_line' id='line_1_15' title="bbox 205 1128 713 1202; baseline -0.004 -16"><span class='ocrx_word' id='word_1_69' title='bbox 205 1131 290 1202; x_wconf 78' lang='lat' dir='ltr'><strong>Nigro</strong></span> <span class='ocrx_word' id='word_1_70' title='bbox 302 1128 459 1199; x_wconf 86' lang='lat' dir='ltr'><strong>compulerit</strong></span> <span class='ocrx_word' id='word_1_71' title='bbox 471 1129 620 1183; x_wconf 87' lang='lat' dir='ltr'><strong>Mercurius</strong></span> <span class='ocrx_word' id='word_1_72' title='bbox 631 1132 713 1201; x_wconf 79' lang='lat' dir='ltr'><strong>gregi.</strong></span> 
     </span>
    </p>

    <p class='ocr_par' dir='ltr' id='par_1_14' title="bbox 206 1199 791 1342">
     <span class='ocr_line' id='line_1_16' title="bbox 206 1199 678 1270; baseline -0.008 -14"><span class='ocrx_word' id='word_1_73' title='bbox 206 1202 324 1257; x_wconf 87' lang='lat' dir='ltr'><strong>Durum:</strong></span> <span class='ocrx_word' id='word_1_74' title='bbox 343 1199 388 1253; x_wconf 87' lang='lat' dir='ltr'><strong>sed</strong></span> <span class='ocrx_word' id='word_1_75' title='bbox 400 1199 485 1252; x_wconf 82' lang='lat' dir='ltr'><strong>levius</strong></span> <span class='ocrx_word' id='word_1_76' title='bbox 495 1199 528 1253; x_wconf 90' lang='lat' dir='ltr'><strong>fit</strong></span> <span class='ocrx_word' id='word_1_77' title='bbox 539 1201 678 1270; x_wconf 84' lang='lat' dir='ltr'><strong>patientia,</strong></span> 
     </span>
     <span class='ocr_line' id='line_1_17' title="bbox 242 1269 791 1342; baseline -0.007 -18"><span class='ocrx_word' id='word_1_78' title='bbox 242 1269 376 1342; x_wconf 80' lang='lat' dir='ltr'><strong>Quidquid</strong></span> <span class='ocrx_word' id='word_1_79' title='bbox 388 1269 517 1338; x_wconf 81' lang='lat' dir='ltr'><strong>corrigere</strong></span> <span class='ocrx_word' id='word_1_80' title='bbox 529 1277 570 1322; x_wconf 82' lang='lat' dir='ltr'><strong>est</strong></span> <span class='ocrx_word' id='word_1_81' title='bbox 581 1270 663 1327; x_wconf 87' lang='lat' dir='ltr'><strong>nefas.</strong></span> <span class='ocrx_word' id='word_1_82' title='bbox 731 1269 749 1320; x_wconf 74' lang='lat' dir='ltr'><strong>l·</strong></span> <span class='ocrx_word' id='word_1_83' title='bbox 761 1297 764 1307; x_wconf 79' lang='lat'><em>=</em></span> <span class='ocrx_word' id='word_1_84' title='bbox 774 1285 791 1320; x_wconf 71' lang='grc' dir='ltr'>ι</span> 
     </span>
    </p>
   </div>
   <div class='ocr_carea' id='block_1_3' title="bbox 305 1444 761 1503">
    <p class='ocr_par' dir='ltr' id='par_1_15' title="bbox 305 1444 761 1503">
     <span class='ocr_line' id='line_1_18' title="bbox 305 1444 761 1503; baseline 0.002 -1"><span class='ocrx_word' id='word_1_85' title='bbox 305 1445 455 1502; x_wconf 77' lang='lat' dir='ltr'><strong>GARMEN</strong></span> <span class='ocrx_word' id='word_1_86' title='bbox 471 1444 629 1501; x_wconf 62' lang='lat' dir='ltr'><strong>xxa-so</strong></span> <span class='ocrx_word' id='word_1_87' title='bbox 641 1461 761 1503; x_wconf 79' lang='lat' dir='ltr'><strong>nrnrsrs.</strong></span> 
     </span>
    </p>
   </div>
   <div class='ocr_carea' id='block_1_4' title="bbox 203 1560 777 2683">
    <p class='ocr_par' dir='ltr' id='par_1_16' title="bbox 203 1560 777 2683">
     <span class='ocr_line' id='line_1_19' title="bbox 206 1560 727 1632; baseline -0.006 -15"><span class='ocrx_word' id='word_1_88' title='bbox 206 1560 330 1618; x_wconf 80' lang='lat' dir='ltr'><strong>Pssoms</strong></span> <span class='ocrx_word' id='word_1_89' title='bbox 338 1563 447 1632; x_wconf 81' lang='lat' dir='ltr'><strong>junctas</strong></span> <span class='ocrx_word' id='word_1_90' title='bbox 460 1560 586 1630; x_wconf 85' lang='lat' dir='ltr'><strong>quatiunt</strong></span> <span class='ocrx_word' id='word_1_91' title='bbox 597 1561 727 1616; x_wconf 79' lang='lat' dir='ltr'><strong>fenestras</strong></span> 
     </span>
     <span class='ocr_line' id='line_1_20' title="bbox 206 1631 671 1702; baseline -0.006 -15"><span class='ocrx_word' id='word_1_92' title='bbox 206 1631 308 1687; x_wconf 81' lang='lat' dir='ltr'><strong>Ictibus</strong></span> <span class='ocrx_word' id='word_1_93' title='bbox 320 1631 416 1685; x_wconf 75' lang='lat' dir='ltr'><strong>crebris</strong></span> <span class='ocrx_word' id='word_1_94' title='bbox 423 1633 535 1701; x_wconf 77' lang='lat' dir='ltr'><strong>Juvenes</strong></span> <span class='ocrx_word' id='word_1_95' title='bbox 547 1631 671 1702; x_wconf 82' lang='lat' dir='ltr'><strong>protervi,</strong></span> 
     </span>
     <span class='ocr_line' id='line_1_21' title="bbox 205 1700 717 1773; baseline -0.004 -15"><span class='ocrx_word' id='word_1_96' title='bbox 205 1703 232 1758; x_wconf 85' lang='lat' dir='ltr'>N</span> <span class='ocrx_word' id='word_1_97' title='bbox 232 1719 262 1757; x_wconf 81' lang='lat' dir='ltr'><strong>ec</strong></span> <span class='ocrx_word' id='word_1_98' title='bbox 273 1701 323 1757; x_wconf 89' lang='lat' dir='ltr'><strong>tibi</strong></span> <span class='ocrx_word' id='word_1_99' title='bbox 336 1719 438 1756; x_wconf 87' lang='lat' dir='ltr'><strong>somnos</strong></span> <span class='ocrx_word' id='word_1_100' title='bbox 450 1700 579 1771; x_wconf 83' lang='lat' dir='ltr'><strong>adimunt,</strong></span> <span class='ocrx_word' id='word_1_101' title='bbox 592 1708 717 1773; x_wconf 90' lang='lat' dir='ltr'><strong>amatque</strong></span> 
     </span>
     <span class='ocr_line' id='line_1_22' title="bbox 263 1769 467 1839; baseline -0.02 -11"><span class='ocrx_word' id='word_1_102' title='bbox 263 1794 264 1798; x_wconf 47' lang='lat'>¹</span> <span class='ocrx_word' id='word_1_103' title='bbox 275 1773 296 1828; x_wconf 84' lang='lat' dir='ltr'><strong>J</strong></span> <span class='ocrx_word' id='word_1_104' title='bbox 296 1790 367 1826; x_wconf 83' lang='lat' dir='ltr'><strong>anua</strong></span> <span class='ocrx_word' id='word_1_105' title='bbox 379 1769 467 1839; x_wconf 87' lang='lat' dir='ltr'><strong>limen,</strong></span> 
     </span>
     <span class='ocr_line' id='line_1_23' title="bbox 206 1841 715 1914; baseline 0 -17"><span class='ocrx_word' id='word_1_106' title='bbox 206 1842 270 1909; x_wconf 80' lang='lat' dir='ltr'><strong>Qua</strong></span> <span class='ocrx_word' id='word_1_107' title='bbox 282 1843 356 1914; x_wconf 84' lang='lat' dir='ltr'><strong>prius</strong></span> <span class='ocrx_word' id='word_1_108' title='bbox 367 1842 484 1895; x_wconf 89' lang='lat' dir='ltr'><strong>multum</strong></span> <span class='ocrx_word' id='word_1_109' title='bbox 495 1841 581 1895; x_wconf 82' lang='lat' dir='ltr'><strong>facilis</strong></span> <span class='ocrx_word' id='word_1_110' title='bbox 593 1841 715 1897; x_wconf 82' lang='lat' dir='ltr'><strong>movebat</strong></span> 
     </span>
     <span class='ocr_line' id='line_1_24' title="bbox 206 1911 777 1982; baseline 0.004 -14"><span class='ocrx_word' id='word_1_111' title='bbox 206 1914 338 1968; x_wconf 71' lang='lat' dir='ltr'><strong>cardines.</strong></span> <span class='ocrx_word' id='word_1_112' title='bbox 374 1911 458 1965; x_wconf 82' lang='lat' dir='ltr'><strong>Audis</strong></span> <span class='ocrx_word' id='word_1_113' title='bbox 470 1912 558 1965; x_wconf 88' lang='lat' dir='ltr'><strong>minus</strong></span> <span class='ocrx_word' id='word_1_114' title='bbox 570 1917 597 1965; x_wconf 87' lang='lat' dir='ltr'><strong>et</strong></span> <span class='ocrx_word' id='word_1_115' title='bbox 609 1913 697 1966; x_wconf 87' lang='lat' dir='ltr'><strong>minus</strong></span> <span class='ocrx_word' id='word_1_116' title='bbox 705 1914 777 1982; x_wconf 84' lang='lat' dir='ltr'><strong>jam:</strong></span> 
     </span>
     <span class='ocr_line' id='line_1_25' title="bbox 205 1982 683 2054; baseline -0.004 -16"><span class='ocrx_word' id='word_1_117' title='bbox 205 1986 220 2014; x_wconf 88' lang='lat'><strong><em>“</em></strong></span> <span class='ocrx_word' id='word_1_118' title='bbox 228 1983 273 2038; x_wconf 88' lang='lat' dir='ltr'><strong>Me</strong></span> <span class='ocrx_word' id='word_1_119' title='bbox 285 1991 332 2038; x_wconf 89' lang='lat' dir='ltr'><strong>tuo</strong></span> <span class='ocrx_word' id='word_1_120' title='bbox 343 1982 435 2052; x_wconf 83' lang='lat' dir='ltr'><strong>longas</strong></span> <span class='ocrx_word' id='word_1_121' title='bbox 446 1989 574 2051; x_wconf 88' lang='lat' dir='ltr'><strong>pereunte</strong></span> <span class='ocrx_word' id='word_1_122' title='bbox 585 1988 683 2054; x_wconf 85' lang='lat' dir='ltr'><strong>noctes,</strong></span> 
     </span>
     <span class='ocr_line' id='line_1_26' title="bbox 276 2050 511 2124; baseline -0.021 -16"><span class='ocrx_word' id='word_1_123' title='bbox 276 2053 368 2124; x_wconf 84' lang='lat' dir='ltr'><strong>Lydia,</strong></span> <span class='ocrx_word' id='word_1_124' title='bbox 381 2050 511 2104; x_wconf 83' lang='lat' dir='ltr'><strong>dormisl&#39;&#39;</strong></span> 
     </span>
     <span class='ocr_line' id='line_1_27' title="bbox 206 2121 693 2191; baseline -0.006 -12"><span class='ocrx_word' id='word_1_125' title='bbox 206 2125 325 2179; x_wconf 85' lang='lat' dir='ltr'><strong>invicem</strong></span> <span class='ocrx_word' id='word_1_126' title='bbox 337 2121 450 2176; x_wconf 84' lang='lat' dir='ltr'><strong>moechos</strong></span> <span class='ocrx_word' id='word_1_127' title='bbox 462 2138 529 2175; x_wconf 90' lang='lat' dir='ltr'><strong>anus</strong></span> <span class='ocrx_word' id='word_1_128' title='bbox 540 2128 693 2191; x_wconf 83' lang='lat' dir='ltr'><strong>arrogantes</strong></span> 
     </span>
     <span class='ocr_line' id='line_1_28' title="bbox 205 2190 637 2262; baseline -0.007 -14"><span class='ocrx_word' id='word_1_129' title='bbox 205 2194 293 2248; x_wconf 80' lang='lat' dir='ltr'><strong>Flebis</strong></span> <span class='ocrx_word' id='word_1_130' title='bbox 305 2194 334 2246; x_wconf 91' lang='lat' dir='ltr'><strong>in</strong></span> <span class='ocrx_word' id='word_1_131' title='bbox 347 2193 400 2246; x_wconf 87' lang='lat' dir='ltr'><strong>solo</strong></span> <span class='ocrx_word' id='word_1_132' title='bbox 411 2190 476 2246; x_wconf 86' lang='lat' dir='ltr'><strong>levis</strong></span> <span class='ocrx_word' id='word_1_133' title='bbox 489 2193 637 2262; x_wconf 78' lang='lat' dir='ltr'><strong>angiportu,</strong></span> 
     </span>
     <span class='ocr_line' id='line_1_29' title="bbox 204 2261 723 2331; baseline -0.004 -12"><span class='ocrx_word' id='word_1_134' title='bbox 204 2264 315 2319; x_wconf 71' lang='lat' dir='ltr'><strong>Thracio</strong></span> <span class='ocrx_word' id='word_1_135' title='bbox 327 2262 473 2316; x_wconf 73' lang='lat' dir='ltr'><strong>bacchante</strong></span> <span class='ocrx_word' id='word_1_136' title='bbox 484 2261 569 2331; x_wconf 77' lang='lat' dir='ltr'><strong>magis</strong></span> <span class='ocrx_word' id='word_1_137' title='bbox 581 2262 631 2316; x_wconf 87' lang='lat' dir='ltr'><strong>sub</strong></span> <span class='ocrx_word' id='word_1_138' title='bbox 641 2262 723 2317; x_wconf 80' lang='lat' dir='ltr'><strong>inter-</strong></span> 
     </span>
     <span class='ocr_line' id='line_1_30' title="bbox 274 2333 453 2397; baseline -0.006 -11"><span class='ocrx_word' id='word_1_139' title='bbox 274 2333 348 2388; x_wconf 86' lang='lat' dir='ltr'><strong>lunia</strong></span> <span class='ocrx_word' id='word_1_140' title='bbox 360 2337 453 2397; x_wconf 77' lang='lat' dir='ltr'><strong>vent03</strong></span> 
     </span>
     <span class='ocr_line' id='line_1_31' title="bbox 204 2400 705 2472; baseline 0.002 -16"><span class='ocrx_word' id='word_1_141' title='bbox 204 2403 293 2470; x_wconf 86' lang='lat' dir='ltr'><strong>Quum</strong></span> <span class='ocrx_word' id='word_1_142' title='bbox 305 2402 355 2456; x_wconf 88' lang='lat' dir='ltr'><strong>tibi</strong></span> <span class='ocrx_word' id='word_1_143' title='bbox 366 2402 480 2471; x_wconf 85' lang='lat' dir='ltr'><strong>flagrans</strong></span> <span class='ocrx_word' id='word_1_144' title='bbox 491 2417 564 2456; x_wconf 86' lang='lat' dir='ltr'><strong>amor</strong></span> <span class='ocrx_word' id='word_1_145' title='bbox 576 2408 603 2456; x_wconf 85' lang='lat' dir='ltr'><strong>et</strong></span> <span class='ocrx_word' id='word_1_146' title='bbox 615 2400 705 2472; x_wconf 88' lang='lat' dir='ltr'><strong>libido,</strong></span> 
     </span>
     <span class='ocr_line' id='line_1_32' title="bbox 205 2471 713 2544; baseline 0 -18"><span class='ocrx_word' id='word_1_147' title='bbox 205 2474 269 2540; x_wconf 84' lang='lat' dir='ltr'><strong>Quae</strong></span> <span class='ocrx_word' id='word_1_148' title='bbox 281 2473 346 2526; x_wconf 90' lang='lat' dir='ltr'><strong>solet</strong></span> <span class='ocrx_word' id='word_1_149' title='bbox 357 2480 455 2525; x_wconf 90' lang='lat' dir='ltr'><strong>matres</strong></span> <span class='ocrx_word' id='word_1_150' title='bbox 466 2471 565 2526; x_wconf 85' lang='lat' dir='ltr'><strong>furiare</strong></span> <span class='ocrx_word' id='word_1_151' title='bbox 577 2489 713 2544; x_wconf 83' lang='lat' dir='ltr'><strong>equomnr,</strong></span> 
     </span>
     <span class='ocr_line' id='line_1_33' title="bbox 203 2541 630 2612; baseline -0.009 -12"><span class='ocrx_word' id='word_1_152' title='bbox 203 2541 300 2601; x_wconf 75' lang='lat' dir='ltr'><strong>Eaeviet</strong></span> <span class='ocrx_word' id='word_1_153' title='bbox 312 2542 381 2596; x_wconf 88' lang='lat' dir='ltr'><strong>circa</strong></span> <span class='ocrx_word' id='word_1_154' title='bbox 388 2544 465 2610; x_wconf 83' lang='lat' dir='ltr'><strong>jecur</strong></span> <span class='ocrx_word' id='word_1_155' title='bbox 475 2542 630 2612; x_wconf 82' lang='lat' dir='ltr'><strong>ulcerosum,</strong></span> 
     </span>
     <span class='ocr_line' id='line_1_34' title="bbox 271 2611 512 2683; baseline -0.017 -15"><span class='ocrx_word' id='word_1_156' title='bbox 271 2611 332 2668; x_wconf 79' lang='lat' dir='ltr'><strong>Non</strong></span> <span class='ocrx_word' id='word_1_157' title='bbox 343 2612 399 2666; x_wconf 89' lang='lat' dir='ltr'><strong>sine</strong></span> <span class='ocrx_word' id='word_1_158' title='bbox 411 2616 512 2683; x_wconf 87' lang='lat' dir='ltr'><strong>questu,</strong></span> 
     </span>
    </p>
   </div>
   <div class='ocr_carea' id='block_1_5' title="bbox 0 0 1000 2810">
    <p class='ocr_par' dir='ltr' id='par_1_17' title="bbox 0 0 1000 2810">
     <span class='ocr_line' id='line_1_35' title="bbox 0 0 1000 2810; baseline 0 1"><span class='ocrx_word' id='word_1_159' title='bbox 0 0 1000 2810; x_wconf 95' lang='lat' dir='ltr'><strong> </strong></span> 
     </span>
    </p>
   </div>
  </div>
 </body>
</html>
