2006 2814
90 71 96 80 ’
117 72 168 130 lta
432 71 585 126 ΗΟΒΑΤΙΙ

119 192 135 219 “
144 189 204 242 Non
217 188 287 240 dices
300 185 385 253 hodie,
398 203 522 254 quorsum
535 186 590 237 haeo
603 189 659 237 tam
670 184 765 253 putida
776 183 895 250 tendent,

120 257 241 312 Furcifer
247 257 275 312 li'
294 257 360 310 “Ad
373 264 407 322 te,
419 255 554 324 inquam.'’
576 255 658 319 “Quo
670 262 754 322 paeto,
767 255 878 323 pessime
887 252 913 308 l”

119 327 265 380 Fortunam
277 333 305 379 et
317 344 400 380 mores
413 327 532 393 antiquae
544 324 635 393 plebis,
647 331 674 376 et
686 324 764 389 idem,
777 323 913 394 [madan

119 399 148 453 Si
160 399 219 468 quis
230 397 265 450 nd
277 397 325 450 illa
336 397 408 450 Deus
420 393 507 448 subito
519 399 546 446 te
557 397 628 460 agat,
641 408 724 460 usque
734 409 846 459 recuses,

119 469 176 522 Aut
188 467 315 538 quianon
328 466 416 531 sentis,
429 463 499 531 quod
512 462 617 528 clamas,
628 461 727 513 rectius
739 478 801 529 esse,

119 537 176 590 Aut
188 537 250 605 quia
261 553 315 589 non
327 536 418 588 firmus
430 539 531 585 rectum
543 530 661 583 defendis
674 535 701 582 et
713 530 803 598 haeres,

119 605 146 660 N
146 607 302 675 equiequam
314 622 387 658 eosne
399 602 506 670 cupiens
518 599 628 654 evellere
640 599 768 669 plantam

121 675 209 728 Roma
221 693 267 728 rus
278 680 360 743 optus,
373 673 509 725 absentem
520 670 633 722 rusticus
645 667 738 722 urbem

120 743 200 797 uoltis
212 744 246 797 nd
258 749 329 796 nstra
340 742 412 796 levis.
447 740 475 793 Si
488 756 617 808 nusquam
630 755 656 790 es
668 737 736 791 forte
748 743 857 792 vocatus

120 813 162 867 nd
175 830 283 878 coenam,
295 811 388 864 laudas
400 827 521 862 securum
533 809 590 861 olus
602 825 640 875 ac,
652 808 726 860 velut
737 825 851 877 usquam
878 811 913 862 ³0

120 881 233 935 Vinctus
246 898 297 946 eas,
310 881 348 933 ita
360 887 387 932 te
399 879 502 932 felicem
515 878 580 930 dicis
592 893 724 945 amesque,

122 951 197 1015 Quod
209 967 338 1018 nusquam
351 949 400 1001 tibi
413 948 447 1001 sit
459 947 612 1029 potandum.
647 946 667 999 J
669 947 763 1000 usserit
774 946 808 1000 ad
820 963 848 1000 se

120 1019 251 1072 Maecenss
263 1035 350 1071 serum
362 1017 410 1070 sub
422 1017 524 1070 lumina
536 1016 621 1086 prima
632 1015 722 1069 venire
987 993 988 1064 l

121 1087 265 1141 Convivam
277 1102 283 1137 :
302 1082 427 1136 ‘Nomen’
441 1082 528 1133 oleum
540 1085 607 1134 feret
619 1082 710 1134 ociusl
728 1078 825 1149 Ecquis

120 1156 207 1209 Audit
216 1153 235 1208 l'
253 1170 315 1206 cum
326 1167 423 1220 magno
436 1150 548 1202 blateras
560 1151 672 1202 clamore
684 1149 814 1218 iugisque.

121 1218 241 1272 Mulvius
253 1227 280 1273 et
292 1237 386 1272 seurrae
399 1219 448 1272 tibi
460 1237 513 1273 non
524 1219 661 1272 referenda
672 1223 773 1288 precati

121 1286 275 1342 Discedunt.
310 1289 417 1342 Etenim
429 1289 514 1342 fateor
524 1305 574 1356 me,
586 1288 683 1341 dixerit
695 1289 748 1355 ille,

121 1355 192 1410 Duci
203 1365 294 1411 ventre
306 1357 397 1422 levem,
409 1375 502 1410 nasum
514 1358 605 1410 nidore
617 1358 733 1426 supinos,

122 1425 280 1493 Imbecillus,
292 1427 369 1494 iners,
381 1427 403 1478 si
416 1427 479 1494 quid
491 1427 538 1492 vis,
549 1426 625 1494 adde,
637 1428 740 1497 popino.

121 1493 170 1563 uu,
183 1512 263 1565 quum
278 1496 312 1548 sis
324 1496 393 1565 quod
406 1513 453 1565 ego
466 1503 493 1549 ct
505 1497 622 1549 fortassis
634 1497 749 1565 nequior,
762 1497 833 1550 ultro
877 1501 914 1552 40

122 1563 252 1618 Insectere
265 1565 338 1619 velut
349 1565 441 1618 melior
452 1565 589 1636 verbisque
600 1565 699 1618 decoris

121 1633 251 1688 Obvolvas
263 1634 375 1688 vitiumi
394 1635 471 1702 Quid,
483 1635 505 1688 si
517 1653 559 1688 me
571 1635 676 1688 stultior
687 1635 744 1704 ipso

121 1701 278 1772 Quingentis
291 1709 379 1774 empto
391 1705 521 1756 drachmis
533 1705 717 1773 deprenderisl
753 1705 837 1760 Aufer

120 1769 166 1825 Me
178 1773 255 1826 vultu
267 1780 378 1838 terrere;
396 1791 504 1826 manum
516 1773 731 1843 stomachumque
742 1781 840 1842 teneto,

119 1839 199 1908 Dum,
211 1858 270 1910 quae
283 1843 395 1911 Crispini
407 1843 497 1896 docuit
507 1861 550 1896 me
557 1843 665 1911 janitor,
678 1843 733 1898 edo.

119 1907 157 1963 Te
168 1913 265 1980 conjux
277 1911 364 1965 aliena
375 1912 454 1981 capit,
465 1913 633 1966 meretricula
644 1913 761 1969 Davum:

119 1976 215 2034 Pectat
228 1986 285 2034 uter
297 1987 416 2034 nostrum
428 1999 504 2035 cruce
516 1982 639 2049 digniusl
659 1982 733 2036 Acris
744 1982 791 2037 ubi
802 2001 845 2037 me

118 2046 222 2102 Nature
233 2050 356 2118 intendit,
369 2050 417 2103 sub
429 2051 499 2104 clara
510 2052 583 2105 nuda
594 2052 702 2106 lucerna

119 2115 287 2188 Quaecunque
299 2120 403 2188 excepit
415 2121 546 2190 turgentis
558 2119 665 2175 verbena
676 2121 775 2192 ouudae,

119 2185 246 2240 Glunibus
257 2194 305 2242 eut
316 2189 429 2258 agitavit
442 2207 538 2260 equum
550 2191 649 2245 lasciva
660 2193 792 2261 supinum,
874 2197 912 2248 to
987 2235 988 2256 ,

117 2251 238 2309 Dimittit
249 2274 334 2326 neque
345 2259 474 2312 famosum
487 2277 572 2330 neque
584 2261 734 2330 sollicitum,
746 2280 779 2316 ne

117 2321 205 2376 Ditior
216 2331 264 2378 aut
276 2327 366 2380 formae
378 2327 492 2382 melioris
504 2331 585 2384 meiat
596 2330 694 2385 eodem

117 2388 166 2456 Tu,
178 2409 260 2460 quum
271 2397 559 2466 projectisinsignibus,
572 2401 671 2453 annulo
683 2401 804 2470 equestri,

118 2457 289 2542 Romanoque
301 2465 401 2532 habitu,
414 2468 502 2535 prodis
514 2486 546 2522 ex
555 2470 646 2538 judice
659 2470 744 2524 Dama

117 2523 220 2597 Turpis,
231 2533 368 2586 odorsuum
380 2543 461 2604 eaput
473 2537 627 2592 obscurante
639 2540 751 2607 lacerna,

117 2591 178 2650 tlon
189 2614 223 2667 es,
236 2600 304 2669 quod
316 2603 441 2658 simulasl
459 2606 583 2661 Metuens
594 2609 725 2663 induceris
737 2614 816 2678 atque
