2014 2810
300 73 444 132 EPODON
462 73 569 131 ΟΔΒΜ.
588 75 697 130 10-12.
848 69 899 133 11⁷
982 79 983 84 ’

174 187 226 245 Ubi
237 188 295 244 haec
307 205 412 244 severus
424 191 452 244 te
463 185 553 259 pelam
563 185 742 256 laudaveram,

208 259 305 314 Jussus
317 256 389 314 obire
401 257 622 314 domumterebsr
634 258 734 314 incerto
745 256 814 330 pede
867 259 904 314 20

111 332 113 338 ’
173 329 216 386 Ad
227 347 281 384 non
292 329 397 398 amicos,
409 328 479 383 heul
500 328 568 382 mihi
615 334 666 384 stes
678 334 706 382 et
717 325 783 383 heul

208 397 314 453 Limine
325 398 400 468 durs,
412 398 507 470 quibus
518 398 576 452 lum
633 404 661 452 et
671 397 769 468 infregi
780 397 860 456 letus.

174 468 255 523 Nunc
266 469 404 538 gloriantis
417 467 564 538 quamlibet
574 467 758 522 mulierculam

209 539 321 593 Vincere
333 539 445 592 mollitie
456 555 530 593 emor
541 537 644 609 Lycisci
655 555 698 591 me
709 543 799 605 tenet;

175 609 253 663 Unde
264 609 389 679 expedire
400 624 454 662 non
466 609 611 662 amicorum
622 614 722 691 queant

209 678 305 734 Libere
316 678 426 732 consiliu
437 695 486 734 neo
498 678 665 734 contumeliae
676 694 778 748 graves,

176 745 228 804 Sed
239 747 307 802 nlius
319 747 397 804 ordor
408 753 457 802 eut
487 747 565 804 uelle
577 746 696 804 candido

210 815 266 875 sus
278 818 369 874 teretis
379 816 456 889 pueri
467 765 574 888 longum
585 817 737 874 renodantis
750 831 860 875 comem.

207 1036 356 1096 GARMEN
373 1037 504 1096 XII.-1r
516 1053 597 1095 rnen
610 1053 806 1096 mrmrosrr.

144 1163 824 1360 0fflpuu

145 1305 237 1361 Mittis
248 1322 297 1360 nec

367 1307 487 1388 ojuveni
498 1324 584 1378 neque
595 1308 666 1362 neris
678 1306 779 1363 obesael

180 1376 207 1429 N
207 1393 303 1448 amque
315 1393 435 1447 segecrus
447 1395 516 1432 unus
528 1377 627 1447 odoror,

145 1445 263 1516 Polypus
275 1463 311 1502 en
322 1447 410 1528 pruris
421 1447 531 1502 hirsutis
544 1447 622 1504 cubet
633 1447 723 1504 hircus
734 1447 764 1502 in
775 1445 833 1518 elis,

182 1516 268 1582 Quom
280 1533 352 1570 coms
364 1534 431 1584 acer,
443 1517 491 1570 ubi
501 1517 585 1572 latent
597 1534 649 1573 sus.

148 1584 213 1651 Quis
225 1586 304 1641 sudor
314 1585 392 1640 vietis
404 1592 431 1640 et
443 1603 523 1656 quom
535 1587 621 1642 molus
632 1587 750 1657 undique
760 1582 885 1641 membris

184 1655 282 1710 Crescit
294 1655 363 1724 odor,
377 1673 460 1725 quum
471 1673 539 1726 pene
551 1656 636 1710 soluto

151 1724 309 1780 Indomitum
321 1731 443 1796 properet
454 1726 555 1780 rabiem
564 1726 670 1790 sederes
686 1742 772 1797 neque
783 1725 825 1780 illi

184 1795 248 1850 Jem
259 1793 558 1850 menethumidecreto
569 1796 690 1866 colorque
875 1791 908 1850 10

148 1863 268 1920 Stercore
278 1865 384 1920 fucetur
396 1865 525 1934 crocodili,
533 1867 642 1948 jesuque
653 1864 772 1920 subendo

185 1934 269 1989 Teuta
281 1932 379 1989 cubilis
391 1941 513 2005 tectoque
523 1939 639 2006 rumprtl

150 2002 201 2060 vet
212 2022 272 2058 mee
283 2021 366 2058 ouum
378 2005 453 2060 saevis
464 2005 551 2074 agitet
562 2005 671 2060 fastidio
682 2002 781 2062 verbis:

102 2093 104 2099 ·
186 2075 542 2144 “Inachislenguesmnus
554 2090 585 2127 so
596 2091 658 2140 met

152 2142 291 2198 Inachium
302 2146 344 2196 ter
355 2147 431 2196 nocte
443 2146 524 2214 potes,
536 2142 603 2196 mihi
615 2160 717 2214 semper
728 2140 763 2197 ed
774 2157 859 2198 unum

188 2211 277 2265 Mollis
289 2227 361 2282 opus.
397 2209 491 2265 Pereat
502 2211 579 2281 mele,
591 2228 650 2283 quae
664 2219 692 2268 te

153 2281 248 2337 Lesbio
259 2281 389 2352 querenti
400 2287 509 2334 taurum
519 2281 677 2337 monstravit
688 2282 800 2337 inertem
806 2299 815 2348 ς

191 2351 279 2416 Quum
289 2349 357 2403 mihi
369 2349 436 2402 (lons
448 2349 551 2403 adesset
562 2350 700 2421 Myrtos,

156 2420 237 2489 eujus
248 2419 278 2472 in
289 2419 417 2473 indomito
430 2419 590 2473 constantior
602 2419 712 2490 inguine
723 2436 821 2478 nervus

192 2491 358 2554 Quomnove
370 2487 479 2541 collibus
491 2487 567 2542 orbor
578 2487 697 2546 inhaeret.
879 2490 915 2545 20

159 2558 305 2618 Muricibus
317 2558 402 2627 Tyriis
414 2558 517 2612 iteratos
528 2557 627 2612 vellere
638 2557 706 2614 lenae

194 2629 243 2690 tui
254 2625 478 2704 propersbenturl
513 2625 574 2688 'libi
584 2645 686 2706 nempe,
