2014 2810
105 87 158 144 134
326 120 330 126 -
417 85 573 145 nontin

104 194 192 249 Errori
203 211 299 248 nomen
310 194 394 248 virtus
406 196 534 265 posuisset
546 196 693 248 honestum.

103 265 141 318 At
153 272 271 334 poterut
283 266 366 332 gnati,
379 267 415 318 sio
428 284 474 319 nos
487 267 610 318 debemus
622 264 711 332 amici,

104 334 214 403 siquod
227 335 261 386 sit
274 335 376 402 vitium,
388 354 440 389 nou
452 336 585 388 fastidire:
604 335 752 387 strabonem

104 403 230 473 Appellat
242 413 342 474 paetum
354 412 435 475 pater,
448 413 476 458 et
507 405 599 472 ullum,
611 403 788 474 fflpbl'vus

104 472 133 526 si
146 474 188 526 oui
202 459 331 541 filium,
344 482 375 527 ut
388 423 586 528 abortivisiidi‘t
599 475 661 527 olim

104 541 249 612 Sisyphus3
267 544 339 597 hunc
351 562 443 597 verum
455 544 572 596 distortis
585 543 717 606 cruribus3
734 542 812 596 illum

103 611 226 666 Balbutit
238 606 465 682 scaurumfflfflis
477 614 575 674 fultum
588 613 656 676 male
669 613 737 667 talis.

105 671 364 737 Purumhiffii'vit:
382 684 424 735 fru
445 702 453 735 1
484 701 525 736 reu
538 701 576 736 ur.
604 671 723 752 'Tffeptus

104 750 141 805 Et
149 754 293 820 jactantior
305 753 348 805 hio
361 701 450 822 publi
463 759 516 806 est:
535 753 678 822 concinnus
689 751 780 806 amicis
861 754 897 804 50

104 819 225 875 Postulat
237 829 269 875 ιιι
281 823 408 876 videatur.
445 824 481 875 At
493 829 533 875 est
546 813 719 875 uitulinum
730 827 810 890 atquo

104 888 169 943 Plus
181 909 254 959 aequo
266 890 344 944 liber:
363 892 474 960 simplex
486 892 613 960 fortisque
626 891 753 943 habeatur
760 911 768 956 ;

105 959 210 1013 caldior
221 967 273 1012 est:
292 978 363 1014 acres
375 961 445 1015 inter
457 969 615 1016 numeretur.
652 960 758 1029 Opinor,

106 1027 173 1082 llaeo
185 1047 225 1082 res
237 1037 264 1082 et
272 1031 372 1099 jungit,
381 1033 487 1100 junctos
500 1039 527 1084 et
540 1038 625 1084 servat
637 1032 740 1084 amicos.

104 1098 142 1152 At
155 1117 201 1152 nos
213 1100 325 1153 virtutes
336 1101 406 1170 ipses
418 1101 574 1154 invertimus
586 1107 666 1169 atque

105 1167 240 1222 Sincerum
253 1187 285 1222 eu
305 1171 373 1222 imus
385 1188 431 1240 ves
441 1171 595 1241 ipsiusmre.
631 1169 731 1222 Probus
743 1169 802 1238 quis

104 1237 267 1292 Nobt's‘tum·’'
288 1237 347 1294 vlt?
359 1232 474 1292 multum
487 1231 613 1292 demissus
625 1239 717 1303 homo;
736 1239 776 1291 illi

105 1307 190 1361 'Pardo
203 1326 345 1377 cognomen
358 1310 450 1379 pingui
464 1310 563 1363 dumus.
600 1309 652 1362 llio
664 1310 735 1376 fugit
747 1325 835 1362 omnes

106 1376 220 1432 Insidias
233 1379 352 1447 nullique
363 1380 432 1432 malo
445 1379 516 1432 lutus
527 1379 601 1432 obdit
613 1386 741 1448 apertum,

106 1447 194 1512 Quum
206 1463 289 1514 genus
301 1448 350 1501 hoc
363 1449 433 1502 inter
444 1451 505 1502 vitoe
518 1456 642 1514 versetur,
656 1449 700 1500 ubi
712 1447 779 1500 aeris
863 1449 897 1500 60

105 1516 211 1572 Invidia
223 1524 303 1586 utque
315 1519 406 1587 vigent
418 1519 464 1573 ubi
477 1519 602 1572 crimine:
620 1535 667 1586 pro
678 1515 744 1570 bene
757 1534 819 1570 suno

105 1587 144 1640 Ao
156 1605 209 1640 non
221 1586 327 1640 incauto
339 1589 431 1642 lictum
443 1596 613 1656 astutumque
625 1603 754 1641 vocamus.

106 1655 254 1726 Simplicior
265 1658 324 1726 quis
336 1665 364 1710 et
376 1665 421 1724 est,
434 1659 538 1727 qualem
549 1675 591 1709 me
603 1673 671 1724 saepe
684 1656 796 1708 libenter

107 1725 254 1780 Obtulerirn
267 1727 323 1792 tibi,
336 1727 473 1795 Maeoenss,
486 1735 516 1780 ιιι
527 1727 595 1780 forte
607 1725 739 1794 legentem

105 1795 162 1850 Aut
174 1796 285 1848 tacitum
298 1797 417 1865 impellat
429 1797 521 1865 quovis
533 1813 649 1848 sermone
661 1794 798 1848 molestusz

106 1863 244 1918 Communi
257 1883 333 1918 sensu
346 1865 423 1934 plone
435 1873 514 1932 curet,
526 1865 666 1934 inquimus
702 1865 784 1931 Eheu,

28 1995 37 2008 ι
106 1933 191 1998 Quem
204 1943 301 1988 temere
313 1935 342 1987 in
354 1943 455 1988 nosmet
467 1935 552 2003 legem
564 1935 694 1987 sancimus
706 1934 840 2002 iniquum!

105 2002 175 2058 Nem
188 2005 260 2058 vitiis
271 2022 348 2058 nemo
360 2005 416 2057 sine
428 2006 561 2068 nescitum
579 2005 695 2073 optimus
706 2003 752 2056 ille
764 2009 812 2071 est,

106 2073 157 2138 Qui
171 2075 286 2127 minimis
298 2080 415 2142 urgetur.
451 2074 559 2126 Amicus
570 2073 662 2140 dulcis,
674 2079 706 2126 ut
718 2089 823 2142 aequum
835 2076 882 2136 est,

1000 617 1003 730 ι

106 2143 195 2208 Quum
207 2162 266 2197 mes
278 2148 427 2212 compenset
440 2143 511 2197 vitiis
522 2143 598 2210 bona,
610 2141 729 2211 pluribus
742 2143 821 2210 hisee,
865 2143 898 2195 70
1002 2173 1003 2184 ι

105 2211 134 2266 Si
146 2213 222 2266 modo
235 2213 311 2283 plura
322 2213 389 2265 mihi
401 2213 469 2266 bons
482 2219 551 2279 sunt,
564 2212 680 2278 inclinet,
693 2211 777 2266 amari

105 2281 134 2336 Si
144 2283 226 2337 volet:
245 2284 295 2336 heo
306 2283 364 2351 lego
377 2283 404 2336 in
475 2283 481 2296 ⁸
503 2299 519 2336 a
531 2291 643 2350 ponetur
655 2282 754 2336 eedem

106 2351 166 2417 Qui,
178 2369 212 2405 ne
224 2353 360 2405 tuberibus
372 2371 419 2422 pro
531 2352 611 2407 sudat
622 2352 745 2420 amicum,

106 2420 235 2489 Postulat,
248 2411 365 2490 ffioet
378 2424 492 2476 verrucis
504 2422 590 2484 illius;
608 2439 714 2490 aequum
726 2427 773 2489 est,

105 2489 224 2543 Penestis
238 2492 340 2544 venium
353 2483 503 2560 poffi'e‘m
514 2491 621 2544 reddere
632 2509 729 2546 rursus.

105 2557 233 2628 Denique,
245 2569 375 2628 quatenus
387 2562 473 2615 excidi
486 2561 592 2631 penitus
604 2561 700 2614 vitium
711 2561 764 2628 irae,
880 2620 883 2630 ,

112 2626 199 2684 “obera
209 2629 275 2684 item
286 2637 423 2701 nequeunt
434 2631 523 2686 stultis
535 2630 670 2699 haerentin,
682 2649 730 2686 our
740 2647 793 2700 non

998 2583 1003 2750 l
