1990 2810
434 105 588 166 nonam

272 321 421 383 GARMEN
437 323 594 381 xxa-ra
606 337 751 380 vaanenu.

186 439 208 494 0
221 439 326 505 Varus,
336 440 429 510 regina
441 438 518 494 cnidi
530 437 676 509 Paphique‚

185 509 204 564 S
237 527 284 564 rue
296 509 421 564 dilectam
433 509 537 578 Cypron
549 515 577 562 et
588 508 706 562 vocantis

185 527 274 634 Tffure
285 589 312 634 te
323 579 537 648 multolilycerae
549 579 670 632 decoram

254 649 377 703 fflnsfer
388 649 418 702 in
429 649 520 704 adem.

185 719 314 774 Fervidus
325 725 414 773 tecum
426 735 492 788 puer
503 724 531 772 et
543 717 635 772 solutis

186 789 285 844 Gratia
296 788 368 843 acuis
379 793 570 858 properentque
582 788 607 840 N
607 787 712 857 ymphae

185 859 222 914 Ia
233 876 328 932 parum
340 859 419 912 comis
431 858 488 912 sine
498 864 527 912 te
538 858 559 913 J
559 863 671 912 urentes

255 927 461 999 Mercuriusque.
750 924 824 1016 l⁰⁶

256 1123 406 1182 ΟΔΒΜΕΝ
423 1124 595 1182 XXXIa-an
608 1139 777 1180 aromrrru.

190 1235 265 1304 Qnrn
278 1237 431 1292 dedicatum
442 1239 527 1310 poscit
539 1237 690 1310 Apollinem

187 1307 286 1363 Vatesl
304 1308 368 1378 quid
380 1314 438 1363 orat
450 1309 482 1364 de
493 1315 586 1434 patera
597 1326 696 1362 novum

222 1377 347 1432 Fundere
358 1378 487 1448 liquorem
538 1379 564 1433 N
565 1396 599 1432 on
611 1379 705 1450 opimae

257 1447 384 1502 Sardiniae
396 1455 495 1518 segetes
507 1449 613 1518 feraces,

186 1517 248 1573 Non
260 1522 377 1572 astuosa
388 1524 465 1588 grata
477 1518 605 1574 Calabriae

187 1587 324 1657 Armenta,
335 1604 389 1642 non
400 1606 495 1642 aurum
507 1595 556 1642 aut
567 1587 632 1642 ebur
644 1587 775 1654 Indicum,

222 1657 248 1712 N
249 1675 282 1711 on
294 1675 364 1727 rura,
376 1676 436 1728 ques
448 1659 516 1713 Iriris
529 1659 620 1728 quieta

257 1727 364 1782 Mordet
375 1747 445 1798 aqua
457 1729 607 1783 taciturnus
618 1729 712 1785 amnis.

188 1795 315 1852 Premant
327 1798 424 1852 Calena
435 1798 503 1853 falce
515 1797 611 1868 quibus
623 1797 698 1852 dedit

188 1866 307 1922 Fortuna
319 1867 400 1921 vitem
407 1888 415 1934 ;
432 1869 506 1923 dives
518 1877 565 1923 ees
577 1868 663 1922 aureis

222 1937 354 1992 Mercator
366 1939 479 1992 exsiccet
491 1939 598 1992 culullis

259 2005 329 2061 Vina
341 2005 407 2077 Syra
418 2015 540 2078 reparata
551 2026 645 2078 merce,

188 2075 239 2132 Dis
250 2094 327 2130 carus
339 2077 410 2148 ipsis,
423 2079 520 2148 quippe
533 2084 574 2132 ter
585 2085 613 2132 et
624 2082 719 2148 quater

189 2147 267 2202 Anno
279 2146 394 2202 revisens
406 2166 495 2218 aequor
507 2148 675 2203 Atlanticum

137 2224 141 2232 ⁴
224 2216 266 2270 Im
286 2235 344 2273 une.
379 2218 424 2272 Me
436 2224 566 2290 pascunt·
578 2218 662 2287 olivae,

290 2304 304 2340 e
316 2287 435 2342 cichorea
447 2287 568 2358 levesque
580 2288 683 2342 malva.

190 2355 255 2410 Frui
267 2357 366 2437 paratis
378 2364 405 2412 et
417 2358 505 2413 valido
516 2358 591 2425 mihi,

190 2425 281 2493 Iane,
293 2425 373 2481 dones
385 2434 412 2482 et
424 2445 514 2498 precor
525 2428 630 2497 integra

225 2493 292 2550 (lum
303 2502 392 2551 mente
403 2516 453 2552 nec
465 2504 570 2568 turpem
582 2501 714 2550 senectam

259 2563 361 2636 Degere
372 2583 422 2624 nec
432 2568 535 2624 cithara
546 2572 686 2622 carentem.

232 2678 282 2716 tut
583 2741 588 2751 ¹
614 2708 620 2752 Ξ
693 2680 804 2730 'purant
