2014 2810
389 75 598 132 SATIRARUM
617 77 641 132 1.
660 82 685 132 4.
879 81 929 136 139

144 179 202 233 Hoc
211 180 297 247 juvet,
309 177 382 232 houd
394 179 462 232 illud
475 185 629 297 ‹puderentes
641 195 707 232 num
719 178 775 232 sine
787 195 872 248 sensu,

143 246 269 315 Tempore
280 263 345 298 num
359 246 459 298 socient
471 263 487 298 o
499 247 564 299 ieno.
600 248 615 274 ‘⁴
623 246 727 299 Ludere
739 245 863 314 gendes?

143 314 246 385 Inquit.
259 317 272 343 “
280 323 307 368 et
319 316 369 367 hoe
380 314 467 367 studio
480 333 576 383 pravus
588 315 677 368 fecis.'’
712 314 790 368 Unde
801 313 916 380 petitum

143 385 202 438 Hoc
215 387 243 437 in
255 403 297 438 me
305 379 389 453 jecist
408 384 456 437 Est
468 389 558 437 auctor
571 384 630 454 quis
642 384 754 454 denique
766 402 863 454 eorum,
901 387 936 438 80

142 454 206 507 Vixi
220 472 278 507 cum
291 453 402 522 quibust
437 453 580 506 Absentem
593 454 639 523 qui
651 454 720 506 rodit
732 455 855 520 amicum,

143 524 195 589 Qui
207 541 259 577 non
272 523 390 576 defendit
401 523 453 577 ulio
465 524 598 593 culpante,
611 524 709 576 solutos

143 593 195 658 Qui
208 599 298 662 captat
309 593 377 646 risus
390 593 525 646 hominum
537 593 687 662 fomemque
700 593 803 662 dicacis,

142 663 254 731 Fingere
267 664 313 732 qui
325 680 379 716 non
390 663 447 716 vise
459 668 552 732 potest,
564 663 701 716 commisso
711 663 799 716 Mei&

142 732 193 797 Qui
206 733 312 802 nequit;
329 733 373 785 hie
385 733 413 784 ni
432 750 460 785 er
471 738 518 799 est,
530 732 602 786 hunc
614 739 653 800 tu,
666 733 791 800 Romane,
804 738 903 788 caveto.

142 801 217 872 Saepe
230 803 312 856 tribus
324 801 377 855 lect
457 820 500 855 ees
513 820 615 855 coenare
626 811 775 872 quaternos,

141 871 164 924 E
177 871 271 940 quibus
283 890 352 925 unus
364 879 435 926 emet
447 873 540 939 quevis
552 872 706 942 adspergere
719 877 827 926 cunctos

142 941 932 1014 Praetereum,quipraebetequem;posthuncquoquepotus,

142 1011 253 1065 Condito
265 1029 345 1080 quum
358 1029 438 1064 verax
451 1012 536 1080 sperit
548 1013 690 1080 praecordia
703 1012 786 1066 Liber.

141 1080 195 1134 Hic
207 1081 256 1134 tibi
268 1081 348 1134 comis
360 1088 387 1134 et
399 1081 515 1133 urbanus
528 1081 644 1149 liberque
657 1082 769 1150 videtur,
897 1085 932 1136 90

141 1150 242 1204 Infesto
251 1151 340 1218 nigris.
376 1150 439 1219 Ego,
453 1151 474 1202 si
487 1150 540 1216 risi,
553 1151 622 1218 quod
635 1152 740 1220 ineptus

141 1219 264 1274 Pastillos
278 1219 389 1274 Rufillus
402 1220 462 1285 olet,
474 1221 619 1287 Gorgonius
632 1222 749 1284 hircum;

141 1284 250 1343 Lm
262 1297 289 1343 et
301 1290 409 1343 mordax
422 1291 512 1343 videor
523 1289 590 1342 sibit
608 1277 744 1343 Mediiriii
757 1307 810 1360 que

140 1358 180 1413 Do
194 1360 425 1429 deitdifflt'sslrtis
437 1360 534 1428 injecto
547 1359 636 1413 Petilli

140 1429 177 1483 Te
189 1447 275 1483 corum
288 1430 375 1494 fuerit,
387 1430 519 1494 defendes,
531 1437 563 1481 ut
575 1438 637 1483 tuns
649 1436 689 1482 est
701 1448 768 1484 mos:

142 1501 158 1532 ‘⁴
167 1501 212 1556 Me
224 1501 385 1570 Capitolinus
397 1501 544 1554 convictore
556 1517 619 1551 usus
631 1499 767 1567 amicoque

141 1572 166 1624 A
178 1589 257 1642 puero
269 1579 309 1626 est
320 1588 449 1640 causaque
461 1587 519 1622 mea
531 1569 662 1638 permulta
673 1578 780 1636 rogatus

142 1639 223 1708 Fecit,
236 1647 263 1695 et
274 1641 413 1694 incolumis
424 1640 499 1692 lector
510 1639 580 1707 quod
592 1639 659 1690 vivit
671 1639 700 1689 in
711 1638 788 1701 urbe;

142 1709 198 1764 sed·
205 1718 295 1764 temen
306 1711 427 1776 admiror,
439 1726 491 1778 quo
503 1713 579 1777 pecto
588 1707 718 1776 judicium
730 1706 797 1760 iliud

139 1781 274 1852 Fugerit.’'
310 1783 363 1836 Hie
375 1782 458 1848 nigre
471 1797 552 1860 ερεξῃνεν
560 1779 682 1899 loliss's,
695 1779 751 1830 haec
763 1786 803 1832 est
878 1783 929 1834 100

139 1849 206 1902 AEru
226 1867 340 1912 omern3
357 1847 427 1917 quod
440 1846 535 1899 vitium
547 1864 593 1914 pro
612 1863 626 1898 u
649 1847 720 1899 afore
733 1847 838 1912 chartis,

139 1919 164 1972 A
241 1920 329 1973 snimo
341 1919 420 1987 prius,
433 1924 465 1969 ut
477 1917 499 1968 si
512 1916 575 1983 quid
588 1917 740 1985 promittere
753 1917 785 1969 de
796 1935 839 1971 me

140 1989 251 2042 Possum
262 1989 336 2042 eliud
348 2004 415 2052 vere,
427 1986 559 2056 promitto.
596 1987 713 2038 Liberius
726 1986 748 2040 si

139 2057 238 2111 Dixere
250 2059 321 2128 quid,
335 2059 356 2110 si
369 2058 436 2110 forte
444 2056 565 2126 jocosum,
578 2056 627 2108 hoc
639 2056 705 2107 mihi
714 2057 781 2124 juris

141 2127 208 2180 (ium
220 2129 297 2182 venie
309 2128 396 2180 debis:
415 2127 529 2179 insuevit
541 2133 616 2195 pnter
628 2127 742 2194 optimus
755 2127 804 2178 hoc
815 2145 864 2195 me,

140 2196 179 2249 Ut
190 2197 309 2265 fugerem
321 2197 448 2265 exemplis
460 2197 582 2250 vitiorum
597 2213 706 2264 quaeque
719 2198 840 2250 notendo.

141 2265 231 2330 Quum
242 2285 284 2320 me
296 2267 451 2332 hortaretur,
463 2283 547 2334 parce,
561 2266 699 2334 frugaliter
711 2273 790 2333 atque

141 2335 264 2390 Viverem
276 2337 317 2389 uti
330 2343 468 2388 contentus
480 2352 510 2386 eo
522 2336 590 2400 quod
604 2337 639 2386 mi
653 2336 707 2402 ipse
720 2343 849 2404 parasset:

140 2407 257 2460 “Nonne
271 2406 350 2471 vides,
363 2404 468 2456 Albiut
480 2405 548 2456 mele
561 2406 633 2457 vivat
645 2407 722 2472 filius,
734 2418 817 2474 utque

141 2476 240 2530 Bsrrus
251 2476 342 2544 inops?
361 2491 486 2540 magnum
499 2474 692 2541 documentum,
705 2494 738 2528 ne
751 2480 862 2546 patriam
876 2490 928 2526 rem

141 2545 253 2600 Perdere
266 2545 324 2615 quis
337 2543 424 2596 velit.”
461 2545 567 2612 Aturpi
580 2547 721 2599 meretricis
734 2564 820 2598 tinore
881 2544 927 2594 lli
997 2553 998 2615 p

145 2615 233 2684 Quum
245 2615 402 2670 deterreret:
421 2615 435 2642 ‘³
443 2613 548 2668 Sootsui
560 2614 692 2670 dissimilis
704 2613 763 2669 sis.'’
