2006 2814
322 95 574 174 umerorum
591 97 632 154 11.
647 100 675 153 2
743 149 749 182 ι

105 211 143 268 Et
154 213 340 280 tempestivum
352 215 440 274 pueris
452 137 799 278 alledilllluumetlllffl

107 285 147 338 Ao
158 302 211 338 non
223 285 302 339 verba
314 285 388 354 sequi
400 285 495 338 fidibus
507 285 789 362 modulandg'latims,
839 302 845 318 ·’

14 405 22 423 ,
106 353 158 407 Sed
171 363 236 408 verte
248 372 421 423 numerosque
432 355 572 424 modosque
584 355 697 409 ediscere
709 357 778 408 vitae.

10 481 11 484 ‘
27 445 91 498 Ν*
105 423 685 564 ttrit‘tilttltllltzlttffilltlt
696 424 828 480 ¹⁰⁰⁰¹d⁰²'²

106 563 232 615 Narrares
244 563 366 618 medicis:
386 564 455 631 quod
468 573 567 633 quanto
580 565 656 633 pluro
668 536 776 634 parasti,

105 630 191 684 Tanto
204 631 280 700 plura
293 633 374 702 cupis,
387 633 488 686 nulline
500 635 607 686 faterier
618 633 716 688 audesl

105 699 134 754 si
148 699 244 753 vulnus
257 700 306 753 tibi
318 709 464 755 monstrata
475 693 562 756 radies
574 703 615 756 vel
628 703 709 756 herbe

105 770 166 821 Non
178 769 252 822 fieret
263 771 356 837 levius,
368 772 472 840 fugeres
483 773 570 825 radice
582 773 624 826 vel
637 771 717 826 herba
839 775 891 826 1eo

104 837 263 892 Proficiente
276 840 343 892 nihil
355 841 476 894 curerier.
512 841 647 908 Audierat,
659 843 704 896 eui

107 906 173 961 Rem
187 907 221 962 Di
235 909 371 974 donarent,
383 910 424 962 illi
436 910 560 964 decedere
572 929 680 981 pravam

104 977 270 1042 stultitiam
288 985 323 1045 et,
335 995 418 1047 quum
430 979 465 1031 sis
478 980 560 1032 nihilo
573 982 721 1050 sapientior,
734 995 831 1052 exque

104 1045 214 1099 Plenior
225 1065 260 1112 es,
273 1055 362 1100 tamen
374 1048 456 1100 uteris
468 1050 640 1102 monitoribus
653 1051 767 1104 isdenrlr

104 1115 143 1168 At
155 1115 176 1168 si
188 1115 288 1168 divitiae
301 1116 460 1185 prudentem
471 1119 577 1172 reddere
590 1128 701 1188 possent,

105 1184 133 1238 Si
146 1184 272 1256 cupidum
285 1187 460 1255 timidumque
472 1189 560 1240 minus
573 1196 606 1256 te,
619 1205 713 1258 nempe
723 1189 836 1259 ruberes,

105 1254 213 1307 Viveret
225 1255 253 1307 in
266 1256 342 1310 terris
355 1264 381 1308 te
394 1257 415 1307 si
428 1257 487 1325 quis
498 1259 602 1310 avarior
614 1275 673 1312 uno.

105 1323 134 1378 si
148 1325 281 1393 proprium
293 1334 340 1392 est,
353 1326 423 1393 quod
436 1327 495 1394 quis
508 1326 573 1380 libra
585 1336 717 1387 mercetur
728 1333 755 1381 et
768 1345 817 1382 aere
838 1370 844 1376 .

53 1363 90 1466 ι’
106 1392 239 1460 Quadam,
253 1395 274 1446 si
288 1394 371 1448 credis
383 1396 516 1463 consultis,
529 1399 663 1466 mancipat
675 1369 835 1464 usus5s

106 1462 157 1528 Qui
170 1471 196 1515 te
209 1464 292 1532 pascit
304 1482 373 1532 ager,
388 1472 449 1517 tuus
462 1474 508 1533 est,
521 1474 548 1519 et
560 1467 664 1519 villicus
677 1466 746 1534 Orbi,
841 1469 893 1520 160

106 1529 194 1596 Quum
208 1541 306 1600 segetes
319 1541 393 1586 occat
405 1535 453 1586 tibi
465 1552 527 1587 mox
539 1536 672 1588 frumenta
684 1536 798 1603 daturas,

105 1600 142 1654 'l'e
154 1601 289 1654 dominum
302 1603 390 1658 sentit.
426 1603 480 1656 Das
493 1621 620 1671 nummos,
632 1605 728 1673 accipis
741 1623 827 1673 uvam,

105 1669 203 1736 Pullos,
216 1688 272 1737 ova,
284 1667 379 1723 cadum
391 1672 496 1724 temeti:
514 1689 608 1740 nempe
619 1673 695 1725 modo
707 1674 758 1727 isto

104 1739 250 1793 Paullatim
262 1740 384 1792 mercaris
396 1757 490 1808 agrum
501 1742 611 1794 fortasse
622 1743 746 1796 trecentis

105 1809 161 1862 Aut
174 1809 255 1862 etiem
267 1826 347 1876 supra
359 1826 525 1862 nummorum
537 1810 644 1863 milibus
656 1820 782 1880 emptum.

105 1875 176 1942 Quid
188 1879 276 1944 refert,
289 1878 362 1930 vivas
374 1888 512 1932 numerato
525 1897 609 1949 nuper
620 1897 655 1934 an
667 1881 747 1936 oliml

104 1945 217 2016 Emptor
229 1947 330 2000 Aricini
342 1947 475 2016 quondam
488 1949 605 2002 Veientis
617 1958 644 2003 et
656 1951 713 2004 arri
737 1978 740 1992 ·

104 2015 234 2084 Emptum
246 2024 333 2069 coenat
345 2017 409 2083 olus,
422 2019 541 2086 quamvis
553 2020 631 2073 aliter
642 2027 735 2089 putat3
752 2021 847 2090 emptis

105 2083 161 2138 Sub
173 2092 277 2138 noctem
289 2085 404 2154 gelidam
415 2086 495 2156 lignis
507 2089 647 2142 calefactat
659 2093 770 2155 aenum

105 2153 157 2206 Sed
170 2162 245 2206 voest
258 2172 340 2223 usque
352 2173 435 2220 suum,
448 2174 500 2225 qua
512 2159 624 2226 populus
637 2159 723 2212 adsita
735 2161 812 2214 certis
840 2161 891 2216 170

105 2219 247 2276 limitibus
259 2223 346 2276 vicina
358 2225 457 2294 refugit
465 2228 570 2294 jurgia,
589 2236 724 2297 tamquam

105 2291 147 2346 sit
160 2292 294 2362 proprium
307 2293 458 2363 quidquam,
470 2303 569 2363 puncto
582 2298 651 2366 quod
662 2299 766 2352 mobilis
777 2299 847 2353 horos

104 2361 129 2416 N
132 2377 184 2415 unc
196 2378 358 2431 precs,nunc
371 2364 462 2432 pretio,
471 2382 541 2418 nunc
553 2366 588 2433 vi,
597 2383 668 2420 nuno
680 2376 890 2438 mortesuprema

104 2430 242 2486 Permutet
254 2431 372 2486 dominos
385 2440 411 2486 et
423 2433 499 2486 cedat
510 2434 539 2487 in
550 2435 635 2490 altera
642 2438 711 2506 jura.

105 2499 149 2554 Sic
160 2501 224 2570 quia
235 2511 378 2571 perpetuus
390 2503 457 2555 nulli
469 2503 549 2557 datur
561 2522 623 2558 usus
635 2512 662 2559 et
674 2506 748 2560 heres

105 2567 238 2626 Heredem
248 2571 358 2628 alterius
369 2571 444 2628 velut
455 2573 527 2628 unde
537 2575 690 2644 supervenit
701 2576 810 2647 undam,

807 173 883 269 αἱ).
930 173 951 213 ·'
989 209 990 212 ¹
