2014 2810
352 35 565 106 suniaiauu
583 45 624 102 11.
643 50 669 101 a.
857 35 908 94 ies

113 145 234 212 Autaiio
244 146 341 200 mentia
353 146 443 198 morbo
455 145 538 208 calet;
556 144 608 197 huc
639 140 728 211 ropius
739 155 789 207 me,
874 139 908 190 80

113 216 186 270 Dum
198 218 277 270 doceo
289 217 404 269 insanire
416 231 512 282 omnes,
526 230 570 267 vos
583 159 673 266 orcline
685 209 765 264 adite.

113 286 211 340 Danda
224 295 264 339 est
276 285 401 338 hellebori
412 285 498 337 multo
510 299 571 354 pars
582 282 699 335 maxima
711 278 813 343 avaris3

113 355 140 410 N
142 358 210 409 eseia
222 373 256 408 an
269 357 424 425 Anticyram
436 354 505 407 ratio
518 353 571 405 iilis
583 352 698 404 destinet
710 365 820 402 omnem

97 440 100 446 ·
114 423 233 480 Heredes
246 425 349 479 Staberi
364 441 492 478 summam
504 422 621 476 incidere
633 419 785 490 sepulchro:

113 495 152 550 Ni
165 497 202 548 sic
214 495 344 561 iecissent,
357 495 534 564 gladiatorum
546 493 609 545 dare
622 497 729 544 centum

116 565 242 618 Damnati
255 565 351 638 populo
364 565 437 633 paria
449 571 529 632 atque
541 562 649 631 epulum
662 557 770 612 arbitrio
782 555 852 624 Arri,

115 631 255 687 Frumenti
267 636 396 699 quantum
407 630 486 683 metit
499 630 597 684 Africa.
634 630 649 660 ‘⁸
657 629 718 684 Sive
730 647 778 699 ego
809 645 879 698 rave

116 703 169 755 Seu
181 707 258 766 reeta,
270 701 319 754 hoo
332 700 421 764 volui3
438 715 473 752 ne
485 700 519 752 sis
531 706 642 770 patruus
654 700 746 752 mihi.”
783 647 865 754 &ledo

116 773 176 826 Hoc
188 770 291 823 Staberi
305 771 462 839 prudentem
474 769 594 823 animum
606 769 717 824 vidisse.¹
754 769 837 834 ‘Quid
847 785 908 838 ergo

115 840 211 905 Sensit,
224 856 305 910 quum
317 855 447 892 summam
459 840 603 908 patrimoni
615 840 762 910 insculpere
775 856 839 896 saxo
874 841 909 892 90

116 910 233 964 Heredes
246 908 331 962 voluit
342 909 366 962 l’
392 909 502 969 ‘Quoad
516 910 591 973 vixit,
604 910 716 964 credidit
729 911 822 977 ingens

116 977 274 1046 Pauperiam
286 977 383 1030 vitium
396 982 423 1030 et
434 977 506 1032 eavit
517 977 585 1030 nihil
598 979 691 1042 acrius,
703 981 742 1042 ut,
756 979 778 1028 si

117 1047 197 1099 Forte
209 1047 296 1098 minus
309 1043 424 1116 locuples
436 1063 490 1099 uno
503 1047 648 1115 quadrante
661 1046 777 1115 perisset,

118 1115 132 1170 i
153 1133 179 1168 se
191 1115 325 1168 videretur
336 1117 386 1170 sibi
398 1117 520 1184 nequior:
539 1117 625 1169 omnis
636 1117 706 1168 enim
718 1133 767 1182 res,

144 1187 219 1252 irtus,
231 1185 309 1253 iama,
322 1186 409 1252 decus,
421 1187 511 1239 divina
523 1186 690 1254 humanaque
703 1183 821 1254 pulchris

119 1255 227 1309 Divitiis
239 1263 348 1324 parent3
366 1271 431 1326 quaa
444 1257 490 1325 qui
502 1255 686 1321 construxerit,
699 1255 744 1308 ilie

119 1324 211 1380 Clarus
223 1325 281 1386 erit,
293 1323 376 1388 fortis,
386 1325 490 1391 justus?
509 1322 691 1391 ‘Sapiensnei¹
710 1322 819 1388 ‘Etiam
828 1325 855 1374 ei
863 1337 911 1374 rex

119 1394 155 1448 Et
168 1393 298 1462 quidquid
310 1393 389 1448 velet.
424 1391 491 1461 Hoc,
502 1391 587 1446 veluti
598 1391 699 1444 virtute
710 1394 842 1460 paratum,

119 1464 241 1532 Speravii
252 1473 356 1532 maguae
367 1461 442 1516 laudi
453 1463 515 1516 iore.
553 1461 623 1526 Quid
635 1460 720 1513 simile
732 1459 778 1512 isti

120 1535 226 1586 Graecus
239 1532 408 1616 Aristippusi
427 1533 473 1600 qui
485 1547 571 1586 servos
601 1531 709 1601 rejicere
721 1545 816 1583 aurum
861 1527 914 1580 100

121 1604 154 1656 In
166 1602 253 1656 media
262 1605 343 1671 jussrt
354 1602 445 1672 libya,
475 1603 521 1654 uia
533 1547 635 1654 turibius
647 1600 717 1652 irent

120 1673 231 1742 Propter
243 1689 307 1724 onus
320 1687 418 1740 segnes.
455 1618 520 1724 liter
532 1675 572 1723 est
584 1669 700 1721 insanior
711 1666 831 1720 horuml'

126 1740 187 1793 ‘Nil
199 1741 256 1807 agit
267 1740 426 1808 exemplum,
439 1739 514 1792 litem
527 1738 597 1808 quod
609 1738 657 1790 lite
669 1737 793 1790 resolvit?

126 1807 172 1862 ‘Si
185 1811 243 1878 quis
255 1813 326 1862 emat
338 1809 460 1876 citharas,
473 1818 574 1880 emptas
587 1813 732 1875 comportet
744 1807 773 1858 in
785 1821 876 1874 unum,

127 1873 183 1929 Neo
195 1877 283 1928 studio
296 1877 405 1930 citharae
416 1893 465 1928 nec
479 1877 564 1930 Musa
577 1876 681 1928 deditus
693 1875 758 1938 ulli3

127 1945 154 1999 Si
169 1945 271 2014 scalpra
282 1951 310 1998 et
322 1946 418 1999 formas
429 1963 483 1998 non
495 1952 576 2013 sutor,
590 1945 699 1998 nautica
711 1944 770 1998 vela

128 2015 243 2066 Aversus
255 2017 417 2083 mercaturis,
430 2015 527 2068 delirus
540 2024 567 2068 et
579 2031 668 2068 amens

128 2083 253 2152 Undique
265 2085 369 2138 dicatur
380 2085 481 2138 merito.
517 2085 569 2149 Qui
581 2085 712 2154 discrepat
724 2083 790 2151 istis,

129 2153 181 2216 Qui
193 2167 314 2207 nummos
326 2171 474 2222 aurumque
484 2155 611 2219 recondit,
623 2154 727 2206 nescius
739 2152 779 2205 uti

129 2221 283 2294 Compositis
295 2229 467 2292 metuensque
479 2224 553 2278 velut
566 2224 717 2291 contingere
729 2219 849 2275 morumi
874 2221 925 2274 110

130 2289 158 2345 si
172 2292 230 2360 quia
243 2292 277 2344 ad
289 2295 425 2364 ingentem
437 2294 565 2346 frumenti
578 2310 679 2362 semper
690 2307 812 2345 acervum

131 2359 271 2416 Porrectus
283 2364 376 2433 vigilet
389 2380 449 2417 cum
462 2363 540 2432 longo
552 2364 630 2429 iuste,
642 2379 728 2430 neque
740 2361 814 2414 illino

130 2431 238 2486 Audeat
250 2435 367 2488 esuriens
379 2434 501 2488 dominus
513 2434 664 2503 contingere
676 2449 796 2502 manum,

131 2500 172 2556 Aa
184 2505 271 2573 petius
282 2505 353 2558 loliis
363 2521 460 2630 parcus
473 2510 594 2558 vastatam
605 2503 717 2569 amarint

133 2571 161 2632 si
172 2573 265 2648 positis
277 2574 350 2632 intus
383 2575 423 2630 hii
434 2575 583 2647 veterisque
594 2573 701 2631 Falerni
