2006 2814
328 71 580 128 EPISTOLARUM
599 73 620 128 1.
640 77 747 127 11-13.
881 70 930 127 205

136 170 315 241 Empedocles,
327 191 362 226 un
375 173 531 228 Stertinium
544 175 639 228 deliret
650 194 767 230 acumen.
895 182 930 232 20

137 241 245 307 Verum,
257 259 303 296 eeu
315 244 399 312 pisces
411 261 455 298 eeu
469 263 576 314 porrum
588 252 615 298 et
627 263 698 316 ceepe
712 247 834 313 trucidas,

135 306 215 362 Utere
230 311 354 378 Pompeio
369 313 496 382 Grospho,
508 323 542 376 et,
556 313 577 365 si
590 315 655 382 quid
668 319 748 381 petet,
762 315 832 368 ultro

136 381 218 434 Defer
225 398 232 444 ;
250 379 289 434 nil
302 381 435 450 Grosphus
447 381 498 434 nisi
510 398 601 434 verum
613 382 698 435 orabit
710 391 737 437 et
750 401 863 452 [equum.

137 450 205 502 vilis
218 450 361 502 amicorum
373 457 413 504 est
424 468 536 517 sunone,
549 450 623 504 bonis
635 451 681 504 ubi
694 453 758 521 quid
770 455 850 510 deest

136 519 178 574 Ne
190 525 279 572 temen
291 521 410 588 ignorem
427 537 480 589 quo
492 522 527 574 sit
540 521 658 574 Romane
670 521 726 576 loco
738 540 792 578 res:

137 589 268 642 Cantaber
280 589 412 658 Agrippae,
426 591 521 644 Claudi
534 591 634 644 virtute
647 591 757 646 Neronis

136 659 279 712 Armenius
292 659 388 712 cecidit
395 679 402 724 ;
417 662 462 730 jus
474 660 666 729 impesiumque
678 660 807 716 Phraates

137 728 245 781 unsaris
258 728 360 798 accepit
372 730 483 798 genibus
494 729 595 794 minor3
613 747 693 786 eures
703 731 795 801 fruges

138 797 225 853 Iteliae
237 797 315 870 pleno
327 798 467 854 defunditb
479 799 560 872 eopia
572 816 661 856 cornu.

221 967 398 1024 EPISTOLA
416 969 580 1026 >llll-so
593 983 701 1025 vnum
714 983 850 1026 usnemu.

138 1081 181 1135 Uu
194 1079 401 1150 proficiscentem
413 1079 492 1133 docui
503 1085 531 1133 ts
544 1097 611 1150 sepe
623 1081 729 1166 diuque,

140 1154 260 1220 Augusto
272 1150 365 1202 reddes
377 1150 482 1218 signate
494 1150 637 1218 volumine,
650 1152 722 1220 Vmi,

138 1221 167 1275 si
179 1220 290 1288 validus,
303 1220 324 1272 si
336 1219 414 1272 laetus
426 1220 483 1286 erit,
496 1220 519 1272 si
531 1219 644 1288 denique
657 1225 746 1288 poscet
753 1239 761 1287 ς

137 1291 179 1345 Ne
191 1291 278 1343 studio
290 1289 372 1343 nostri
385 1305 475 1358 pecces
488 1290 630 1358 odiumque
642 1291 737 1343 libellis

137 1360 251 1415 Sedulus
263 1360 394 1430 importes,
408 1375 486 1428 opere
499 1360 653 1412 vehemente
664 1360 792 1417 minister.

137 1431 167 1486 Si
179 1437 206 1484 te
217 1431 285 1484 forte
296 1447 361 1483 mee
373 1430 461 1498 gravis
473 1437 532 1482 uret
544 1430 647 1482 sarcina
659 1430 766 1499 chnttoe,

137 1501 253 1570 Abjioito
265 1501 360 1570 potius,
373 1516 453 1568 quem
465 1516 516 1567 quo
528 1499 643 1582 perferre
652 1499 753 1568 juberis

138 1570 256 1624 Clitellas
268 1571 338 1622 ferus
350 1569 483 1637 impingas
496 1568 634 1636 Assuaeque
646 1575 787 1637 paternum

138 1640 287 1709 cognomen
298 1645 386 1692 vertes
397 1637 425 1689 in
438 1638 520 1689 risum
532 1643 560 1689 et
571 1637 662 1690 fabula
673 1637 728 1690 fine.

138 1709 246 1763 Viribus
258 1708 341 1761 uteris
353 1723 399 1776 per
411 1706 500 1773 clivos,
512 1706 630 1772 flumine,
643 1706 726 1758 lamus
733 1725 741 1770 3
897 1711 929 1762 10

138 1779 230 1834 Victor
241 1777 368 1862 propositi
381 1775 500 1828 simulac
512 1775 662 1844 perveneris
674 1775 746 1842 illue,

139 1850 182 1904 Sie
194 1855 310 1918 pontum
322 1846 436 1899 servabis
448 1861 522 1912 onus,
533 1861 567 1897 ne
579 1845 647 1898 forte
660 1844 707 1897 sub
720 1845 764 1898 uls

137 1919 304 1974 Fasciculum
316 1921 403 1986 portes
415 1913 549 1980 librorum,
561 1922 593 1967 ut
605 1915 718 1968 rustinus
731 1931 838 1988 egnum,

137 1989 176 2042 Ut
188 1989 279 2042 vinoss
290 1987 392 2055 glomus
404 1985 511 2038 furtive
524 1984 637 2053 Pyrrhia
649 1984 727 2054 lause,

138 2059 176 2112 Ut
189 2076 249 2111 eum
261 2056 355 2128 pileolo
368 2055 450 2109 solens
463 2055 574 2108 oonvivs
586 2053 698 2110 tribulis.

137 2128 178 2183 Ne
189 2128 269 2197 vulgo
280 2143 369 2181 nsrres
381 2131 409 2179 te
421 2125 554 2179 sudavisse
566 2125 673 2178 ferendo

138 2201 267 2266 Carmine,
280 2215 339 2267 quse
352 2197 452 2266 possint
465 2195 553 2248 oeulos
565 2213 693 2264 auresque
704 2195 801 2249 morari

138 2269 260 2332 Oaesnris3
278 2274 367 2322 oratus
378 2265 465 2319 multe
476 2281 560 2336 prece,
572 2266 657 2318 nitere
668 2283 752 2335 porro.

137 2339 219 2416 Vade,
231 2338 297 2412 vele,
311 2353 374 2392 cave
385 2353 420 2391 ne
432 2335 531 2389 titubes
542 2335 719 2405 mandataque
731 2336 844 2408 frangas.

472 2423 483 2460 t
497 2421 595 2466 sinaut
