2006 2814
317 47 529 104 simulauit
549 49 589 105 11.
608 53 633 106 7.
832 45 882 102 188

85 155 243 210 Alterconte
254 154 409 209 libidinibus
421 154 512 208 tremis
523 169 581 206 ossa
592 169 694 222 pavore.

88 225 161 290 Quid
173 225 260 292 refert,
272 226 321 292 uri,
334 225 416 292 virgis
427 225 547 290 ferroque
560 222 648 274 necari

86 296 251 348 Auctoratus
263 313 314 360 eas,
327 312 361 346 an
374 294 446 362 turpi
458 292 563 344 clausus
575 292 603 343 in
616 309 683 360 arca,

88 365 148 428 Quo
160 372 187 417 te
199 364 304 417 demisit
316 363 419 432 peccati
431 362 535 416 conscia
547 361 643 427 herilis,
847 363 881 414 60

87 435 260 487 Contractum
272 433 383 502 genibus
395 439 489 500 tangas
502 430 600 501 caputi
636 430 718 483 Estne
729 429 824 484 marito

13 547 16 551 .
87 503 219 558 Matronae
232 503 364 572 peccantia
376 503 405 554 in
417 501 493 555 ambo
501 503 576 571 justa
588 501 720 570 potestasl

89 571 123 626 In
136 582 313 642 corruptorem
326 571 367 624 vel
376 572 481 640 justior.
516 571 568 624 Illa
581 578 710 624 tamense

25 701 28 708 ,
87 643 115 696 N
116 660 150 696 on
162 642 256 695 habitu
268 649 388 695 mutatve
400 642 462 706 loco,
475 649 600 711 peccatve
612 657 730 710 superne.

90 713 179 776 Quum
192 719 219 764 te
231 711 354 764 formidet
365 711 461 764 mulier
472 729 558 779 neque
570 711 660 764 credet
672 707 781 778 amanti,

89 781 146 835 Ibis
159 781 207 834 sub
220 781 321 833 furcam
334 781 448 850 prudens
460 781 618 850 dominoque
630 780 730 834 furenti

90 851 243 904 Committes
253 868 308 903 rem
317 869 421 904 onmem
431 857 458 903 et
467 851 549 902 vitam
560 858 654 903 etcum
664 868 769 920 corpore
777 849 883 902 famam.

89 921 196 975 Evasti:
215 921 299 986 credo,
311 927 431 973 metuens
443 919 588 988 doctusque
600 920 719 984 cavebis;

90 991 205 1057 Quaeres,
217 990 322 1058 quando
335 990 431 1042 iterum
462 1006 539 1042 arms
552 988 700 1058 iterumque
712 989 797 1060 perire

90 1059 185 1126 Possis,
197 1076 212 1112 o
225 1059 302 1111 toties
315 1061 418 1113 retrusi
438 1006 502 1122 guae
516 1057 604 1110 bellue
616 1058 709 1127 ruptis,
850 1059 884 1112 70

91 1130 180 1193 Quum
192 1129 272 1181 semel
284 1128 385 1196 effugit,
397 1127 485 1180 reddit
497 1145 524 1180 se
536 1145 618 1196 prave
630 1127 748 1182 catenisi

88 1199 105 1228 “
110 1198 135 1250 N
136 1215 170 1251 on
182 1215 241 1250 sum
252 1194 396 1262 moechus,''
407 1197 454 1250 ais.
473 1195 566 1265 Neque
578 1213 634 1263 ego,
644 1197 757 1266 hercule,
766 1197 817 1263 fur,
826 1195 872 1248 ubi

88 1266 218 1320 Praetereo
231 1267 333 1329 sapiens
345 1273 486 1332 argentea:
505 1265 568 1318 tolle
580 1266 715 1335 periclum,
794 1263 872 1334 [rasa

13 1333 17 1340 “
91 1331 157 1386 Jam
169 1349 237 1400 vaga
248 1333 366 1402 prosiliet
378 1333 459 1386 frenis
471 1338 568 1386 natura
579 1335 692 1389 remotis.

91 1401 167 1454 Tune
178 1401 245 1454 mihi
257 1403 386 1470 dominus,
397 1419 486 1456 rerum
498 1403 614 1472 imperiis
626 1403 814 1474 hominumque

91 1470 142 1523 rot
155 1471 288 1540 tantisque
299 1473 392 1539 minor,
405 1489 484 1541 quem
496 1479 537 1524 ter
549 1473 667 1526 vindicta
679 1480 824 1543 quaterque

92 1539 221 1608 Imposita
232 1541 303 1594 haud
316 1559 434 1610 unquam
446 1542 541 1594 misera
552 1542 692 1594 formidine
704 1542 808 1612 privetl

92 1608 168 1662 Adde
181 1627 258 1679 super
269 1610 355 1676 dictis,
368 1610 436 1678 quod
449 1627 502 1664 non
515 1609 599 1662 levius
611 1610 713 1666 valeat:
731 1628 795 1664 nam

92 1678 154 1732 Sive
166 1679 279 1732 vicarius
292 1686 339 1746 est,
352 1679 398 1748 qui
410 1696 482 1732 servo
495 1685 578 1748 paret,
590 1679 632 1731 uti
644 1697 699 1732 mos

92 1747 187 1801 Vester
194 1748 292 1817 ait,aeu
300 1765 456 1813 conservum
468 1748 518 1800 tibi
526 1748 590 1817 quid
600 1766 659 1801 sum
666 1749 732 1819 egoi
743 1749 845 1820 Nempe
852 1752 885 1802 80

92 1817 142 1885 ru,
153 1817 220 1870 mihi
233 1818 278 1887 qui
291 1818 433 1888 imperitas,
446 1817 493 1872 elii
505 1818 585 1872 servis
597 1819 768 1890 miseratque

92 1887 203 1941 Duceris
214 1894 246 1940 ut
258 1887 345 1941 nervis
357 1887 450 1940 alienis
462 1887 558 1942 mobile
570 1887 681 1957 lignum.

94 1957 221 2022 Quisnam
233 1957 318 2026 igitur
328 1957 412 2010 liberi
431 1956 548 2026 Sapiens,
560 1958 610 2010 sibi
623 1960 668 2027 qni
680 1958 843 2030 imperiosus,

94 2027 179 2091 Quem
184 2044 269 2095 neque
274 2028 412 2096 pauperies
417 2044 574 2097 nequemors
579 2029 888 2097 nequevineulaterrent,

94 2096 256 2165 Responsare
268 2096 444 2166 cupidinibus,
457 2104 622 2151 contemnere
635 2098 743 2152 honores

94 2165 188 2220 Fortis.
201 2171 229 2218 et
240 2166 269 2218 in
282 2183 308 2219 se
321 2166 377 2235 ipso
389 2173 469 2233 totus,
482 2172 550 2219 teres
562 2174 642 2236 atque
653 2169 791 2238 rotundus,

94 2234 207 2288 Externi
219 2251 253 2287 ne
266 2236 331 2305 quid
344 2235 431 2289 valeat
444 2236 559 2305 perleve
572 2238 675 2304 morari,

95 2304 128 2358 In
159 2322 220 2357 uem
231 2321 326 2358 manca
337 2305 393 2358 ruit
404 2323 507 2375 semper
518 2306 631 2361 fortune
669 2308 780 2364 Potesne

95 2373 137 2428 Ex
164 2375 192 2458 :s
204 2380 235 2428 ut
247 2374 382 2458 proprium
394 2375 458 2445 quid
470 2375 593 2458 nosceret
629 2375 751 2447 Quinque
763 2378 866 2434 telente

95 2442 184 2500 Poscit
196 2450 224 2498 te
235 2445 338 2512 mulier,
351 2453 431 2499 vexat
443 2445 596 2516 forrbusque
607 2447 742 2518 repulsum
855 2449 890 2501 90

32 2549 34 2554 .
96 2512 237 2570 Perfundit
248 2515 344 2586 gelide,
355 2533 444 2570 rursus
456 2523 533 2571 vocat
540 2535 548 2582 ;
565 2517 637 2588 eripe
649 2517 722 2590 turpi

433 2607 442 2636 ⁸
457 2607 552 2645 matram
