2006 2814
100 84 152 144 176
415 79 569 136 nonanti

98 187 202 240 ‘Nonne
214 185 299 239 vides’
308 215 344 226 -
352 185 448 254 aliquis
461 184 550 238 cubito
563 190 676 237 stantem
687 200 767 253 prope
779 189 888 254 tongere
984 181 985 190 ³

100 255 207 325 Inquiet
219 285 261 324 -,
275 257 321 309 ‘ut
333 257 444 326 patiens,
457 263 489 309 ut
501 255 592 308 amicir
604 260 690 324 aptus,
702 261 733 307 nt
744 271 803 309 acer
812 254 830 309 t’

98 329 191 384 Plures
203 330 341 383 adnabunt
353 330 451 383 thunni
463 336 490 382 et
502 329 600 382 cetaria
612 337 735 384 crescent.

97 399 179 453 sicui
190 408 317 470 praeterca
329 401 432 454 validus
444 400 513 452 male
525 399 595 452 filius
607 399 635 451 in
647 417 676 453 re

97 468 227 523 Praeclara
239 469 359 524 sublatus
371 471 464 537 aletur,
476 487 510 521 ne
522 469 693 522 manifestum

98 539 200 592 Oeclibis
213 539 367 608 obsequium
379 540 462 592 nudet
475 546 508 606 te,
522 537 617 590 leniter
628 539 657 591 in
670 555 743 608 spem

96 608 201 678 Adrepe
214 609 350 677 officiosus,
362 616 393 662 nt
406 616 433 662 et
445 608 557 661 scribare
570 609 699 669 secundus

97 677 180 732 Heres
193 685 226 746 et,
239 680 261 732 ei
273 679 332 748 quie
344 695 420 732 casus
431 695 542 748 puerum
555 678 638 746 egerit
651 679 724 746 Orco,

96 748 131 801 ln
143 766 257 802 vacnum
269 749 373 812 venias3
391 763 496 818 perraro
509 747 565 800 haec
577 747 636 800 alea
646 747 726 801 fallit.
855 753 890 802 60

97 818 150 883 Qui
162 824 351 872 testamentum
363 818 451 870 tradet
463 816 512 870 tibi
525 833 628 886 cunque
640 817 789 885 legendum,

95 889 218 942 Abnuere
230 894 258 940 et
270 887 374 940 tabulas
386 894 441 941 ate
453 901 585 940 removere
597 893 736 955 memento,

96 957 140 1012 sic
152 964 249 1024 tamen,
261 961 293 1010 ut
305 956 376 1010 limis
387 957 481 1027 rapias,
494 956 558 1026 quid
571 957 656 1026 prima
669 957 782 1010 secundo

97 1029 161 1082 Cera
173 1028 238 1081 velit
250 1043 342 1093 versu3
360 1027 430 1080 eolus
442 1027 568 1080 multisne
580 1026 693 1094 coheres,

96 1097 186 1150 Veloci
198 1113 319 1168 percurre
332 1097 414 1150 oculo.
450 1097 608 1164 Plerumque
621 1101 738 1149 recoctus
808 1093 811 1100 ’

95 1165 186 1221 Scriba
198 1185 232 1222 ex
244 1167 309 1230 cuin
328 1167 416 1222 ueviro
429 1181 538 1220 corvum
550 1165 658 1218 deludet
669 1164 796 1234 hiantem,

94 1238 271 1306 Captatorque
284 1183 359 1289 dadoit
370 1236 438 1288 risus
451 1236 547 1288 Nasica
559 1235 683 1288 Goran0.”

93 1307 189 1358 “Num
201 1304 287 1359 furiet
306 1321 341 1358 an
350 1305 466 1374 prudens
479 1304 549 1357 ludia
560 1321 603 1356 me
615 1305 725 1358 obscura
736 1304 890 1360 canendci’'
984 1365 985 1374 ἵ

93 1375 138 1428 “Ο
153 1373 298 1441 Laertiade,
311 1373 441 1444 quidquid
453 1374 547 1440 dicam,
559 1379 607 1426 aut
619 1375 670 1426 erit
682 1380 729 1428 aut
741 1391 811 1428 non:

93 1444 221 1498 Divinare
233 1445 332 1497 etenim
343 1459 455 1512 magnus
467 1443 533 1495 mihi
546 1443 627 1496 donat
639 1443 756 1512 Apollc.'’
853 1449 889 1498 60

94 1514 187 1578 “Quid
200 1520 290 1568 tamen
302 1514 354 1566 ista
366 1514 432 1566 velit
444 1513 494 1566 eibi
505 1511 603 1578 fabula,
617 1513 639 1565 ei
651 1513 721 1582 licet,
734 1513 805 1567 ede.”

93 1584 108 1613 “
117 1584 243 1652 Tempore
255 1599 306 1649 quc
314 1583 421 1648 juvenis
435 1581 541 1635 Parthie
553 1581 705 1646 horrendus,
717 1582 752 1637 ab
762 1583 817 1636 alto

91 1648 241 1704 Demiseurn
252 1667 337 1719 genus
348 1649 439 1718 AEnea,
452 1648 547 1702 tellure
558 1649 678 1717 marique
984 1677 985 1680 ι

92 1718 207 1788 Magnus
219 1721 278 1786 erit,
289 1719 352 1772 forti
365 1719 448 1773 nubet
453 1725 566 1789 procera
579 1719 678 1772 Gerana

92 1788 162 1842 Filia
174 1789 284 1856 Nasica,
295 1789 439 1842 metuentis
451 1787 559 1841 reddere
572 1789 682 1842 eoldum.

92 1857 160 1910 Tum
172 1875 252 1927 gener
264 1858 313 1911 hoc
326 1859 419 1912 faciet:
438 1857 543 1911 tabulas
556 1875 642 1911 socero
655 1857 730 1912 dabit
741 1864 823 1930 atque

92 1927 130 1981 Ut
141 1927 214 1996 legat
226 1927 326 1992 crabit;
344 1927 461 1980 multum
473 1927 571 1980 Nasica
583 1934 693 1996 negatae

91 1997 212 2066 Accipiet
224 1996 333 2050 tandem
345 2003 373 2050 et
385 1997 483 2050 tacitus
495 1997 574 2066 leget,
586 1997 756 2070 invenietque

91 2067 137 2120 Nil
150 2066 200 2119 sibi
212 2067 329 2134 legatum
341 2073 437 2135 praeter
467 2067 551 2120 lorare
564 2068 676 2136 suisque.

92 2135 164 2189 Illud
177 2137 211 2189 ad
223 2136 281 2188 haec
289 2135 383 2204 jubeo:
402 2085 498 2190 muiier
510 2137 532 2189 si
544 2137 612 2190 forte
625 2137 713 2192 dolosa
854 2143 890 2194 tc

91 2205 245 2259 Libertusve
258 2223 346 2258 senem
359 2206 472 2259 delirum
484 2212 620 2276 temperet,
632 2207 686 2260 illis

91 2275 206 2328 Accedar
220 2275 322 2338 eocius;
339 2275 438 2344 laudes,
451 2275 566 2330 lauderis
578 2281 610 2328 ut
622 2277 723 2332 absens.

90 2344 209 2410 Adjuvat
221 2344 270 2396 hoc
282 2361 394 2415 quoque,
408 2344 453 2399 sed
466 2345 549 2398 vincit
561 2344 646 2414 longe,
658 2348 731 2416 prius
743 2347 830 2417 iprum

90 2412 253 2480 Expugnare
265 2420 353 2482 caput.
389 2413 490 2468 Scribet
502 2415 572 2466 mala
585 2417 702 2470 carmina
713 2433 815 2472 vecors:

91 2480 218 2534 Laudato.
253 2481 386 2536 scortator
398 2485 461 2537 erit:
480 2500 543 2536 cave
555 2489 583 2536 te
594 2492 668 2554 roget
676 2505 683 2550 ;
701 2486 772 2538 ultro

92 2548 250 2617 '³eneloparn
262 2550 347 2604 facilis
360 2554 454 2620 potiori
467 2549 565 2607 trade.”
602 2552 764 2607 “Putaenci

129 2617 203 2671 rduci
214 2618 312 2685 poterit
324 2627 380 2674 tarn
391 2621 463 2690 frugi
475 2629 582 2692 tamque
594 2623 698 2692 pudica,
