2006 2814
84 29 134 84 192
414 33 569 92 nonem

85 135 159 189 Utile
171 134 307 204 proposuit
320 133 394 190 nobis
407 135 543 204 exemplar
555 134 660 202 Ulixen,

86 205 138 270 Qui
152 206 264 258 domitor
276 205 358 272 Trojae
371 203 514 260 multorum
529 204 652 274 providus
665 203 742 256 urbes

85 275 121 328 Et
133 293 217 327 mores
230 275 364 330 homiuum
378 275 502 344 inspexit,
516 273 653 342 letumque
666 292 712 343 per
724 290 818 342 aequor,
847 277 880 332 20

85 345 156 398 Dum
170 345 225 410 sibi,
239 344 303 400 dum
316 344 391 400 sociis
403 345 518 398 reditum
531 353 614 412 peret,
628 361 720 414 aspera
732 343 817 398 multe

86 414 207 479 Pertulit,
220 414 335 468 adversis
348 432 434 471 rerum
448 413 629 467 immersabilis
643 413 729 467 undis.

87 484 208 537 Sirenum
222 502 296 536 voces
309 491 335 536 et
348 485 428 538 Ciroae
441 483 536 552 poculo
548 483 633 546 uosti;

88 554 151 619 Qus
164 555 184 606 si
199 572 258 606 curn
271 554 346 611 sociis
359 554 457 608 stultus
470 552 632 622 cupidusque
645 552 759 624 bibisset,

85 623 139 676 Sub
152 625 258 677 domine
270 623 406 678 meretrice
419 622 511 678 fuisset
524 622 608 692 turpis
622 630 648 675 et
661 639 758 694 excors,

86 692 203 746 Vixisset
216 695 287 746 canis
299 691 452 751 immundus
465 691 506 748 vel
519 692 603 746 emico
615 691 672 744 luto
685 709 734 746 sus.

85 763 139 816 Nos
152 780 276 815 numerus
289 779 378 818 sumus
391 768 417 818 et
430 761 518 830 fruges
531 778 681 814 consumere
693 761 758 830 neti

85 832 179 902 Sponsi
193 832 336 952 Penelogae,
349 829 499 898 nebulones,
512 830 665 900 Alcinoique

86 901 119 956 In
132 909 193 955 cute
205 919 286 953 eursu
307 919 322 952 e
335 899 395 968 plus
408 917 482 968 oequo
495 908 601 969 operata
609 902 743 975 juventus,

86 972 134 1026 Oui
148 971 290 1040 pulchrum
302 970 355 1025 fuit
368 969 396 1026 in
409 969 507 1028 medios
520 969 632 1022 dormire
647 972 709 1036 dies,
722 979 749 1029 et
845 974 880 1026 30

85 1042 127 1095 Ad
140 1040 281 1108 strepitum
294 1039 402 1096 cithare
415 1046 544 1098 cessatum
556 1039 650 1097 ducere
662 1057 760 1094 curem.

86 1111 123 1164 Ut
131 1109 258 1179 jugulent
271 1109 396 1175 homiues,
409 1117 521 1180 surgunt
534 1109 566 1160 de
579 1116 655 1162 nocte
667 1109 794 1164 latrones:

86 1180 123 1233 Ut
136 1188 162 1232 te
175 1181 261 1249 ipsum
275 1196 367 1245 serves,
381 1196 432 1230 non
446 1179 649 1247 expergisceris?
668 1179 751 1248 Atqui

85 1249 113 1304 si
126 1249 198 1302 noles
211 1266 296 1316 senus,
309 1265 397 1300 curres
410 1248 581 1317 hydropicus3
600 1255 627 1301 et
639 1248 668 1300 ni

85 1318 179 1373 Posses
191 1326 253 1371 ente
266 1319 335 1370 diem
349 1317 446 1369 librum
459 1335 519 1370 curn
532 1318 638 1384 lumino,
653 1318 674 1370 ri
687 1335 739 1371 non

86 1389 212 1442 Intendes
224 1389 343 1442 animum
356 1387 450 1442 studiis
463 1395 490 1442 et
501 1387 578 1444 rebus
592 1387 715 1456 honestis,

86 1459 192 1512 Invidia
204 1458 245 1510 vel
258 1474 345 1515 amore
357 1456 422 1526 vigil
435 1455 594 1528 torquebere.
629 1457 698 1514 Nam
711 1473 764 1528 cur.

86 1528 151 1596 Quo
164 1528 265 1584 laedunt
277 1527 390 1594 oculum,
403 1526 512 1583 festinos
525 1525 641 1590 demeres
660 1527 682 1583 si
695 1525 758 1600 quid

85 1597 134 1650 Est
146 1598 272 1664 animum,
285 1596 373 1654 differe
386 1595 496 1651 curandi
508 1601 612 1664 tempus
625 1596 653 1656 iu
665 1593 783 1652 ennuml

84 1667 232 1720 Dimidium
244 1667 318 1735 fecti,
331 1666 377 1734 qui
389 1666 476 1738 cepit,
489 1664 569 1722 hebet
576 1684 583 1730 3
602 1682 692 1734 sapere
704 1666 772 1725 tude
778 1684 787 1732 3
843 1668 880 1722 40

85 1735 184 1807 Incipe.
221 1736 272 1801 Qui
284 1741 355 1793 recte
367 1735 474 1792 vivendi
480 1741 608 1858 Kretoget
620 1733 718 1802 horem,

85 1805 211 1860 Rusticus
223 1811 359 1875 exspectet
371 1805 435 1862 dum
448 1803 480 1860 de
500 1810 547 1862 net
559 1804 658 1870 omnim
676 1810 705 1862 et
717 1803 762 1864 ille

87 1875 205 1943 Labitur,
218 1884 245 1930 et
257 1876 361 1930 utetur
373 1873 402 1930 iri
414 1889 491 1927 omne
505 1872 627 1930 volubilis
640 1889 733 1930 ervum.

87 1945 221 2009 Quaeritur
232 1951 373 2012 argentum
386 1943 525 2014 puerisque
538 1941 616 1998 beete
628 1941 747 2000 creandis

85 2013 165 2076 Uxor,
179 2022 206 2064 et
219 2013 327 2068 inculte
338 2021 468 2092 ponentur
480 2028 584 2068 vomere
597 2011 687 2066 silvee:

87 2078 162 2140 Quod
175 2078 239 2131 setis
251 2085 291 2134 est
303 2096 346 2132 cur
359 2080 497 2152 contingit,
510 2081 577 2139 nihil
590 2083 703 2152 emplius
716 2089 796 2157 optet.

85 2143 146 2199 Non
158 2147 251 2200 domus
263 2155 290 2200 et
302 2148 407 2214 fundus,
421 2167 473 2208 non
486 2151 544 2208 aeris
556 2169 665 2210 acervus
677 2160 704 2212 et
716 2155 774 2214 euri

85 2215 194 2283 AEgroto
207 2216 306 2274 domini
320 2217 431 2272 deduxit
443 2237 547 2293 corpore
559 2218 651 2292 febres,

85 2282 144 2364 Non
158 2285 244 2337 animo
257 2303 339 2342 eures.
376 2286 470 2346 Valeat
483 2307 610 2360 possessor
622 2297 731 2368 oportet

86 2351 113 2404 Si
128 2357 294 2420 comportetis
306 2356 383 2410 rebus
395 2357 460 2412 bene
473 2376 503 2416 co
523 2361 572 2418 irat
585 2363 631 2420 uti.
842 2373 880 2425 50

86 2420 137 2483 Qui
147 2422 224 2502 eupit
236 2431 284 2504 eut
296 2425 397 2489 metuit,
413 2429 486 2482 'uvat
499 2378 575 2486 iilum
587 2432 624 2484 sic
637 2432 729 2490 domus
742 2437 768 2493 et
780 2452 820 2493 res

85 2488 123 2541 Ut
135 2488 237 2570 lippum
250 2501 327 2572 prctae
340 2445 444 2562 tabuiis,
457 2498 573 2554 fomente
586 2499 735 2578 podagram,
821 2479 828 2504 ⁸

94 2558 224 2614 “oriculas
235 2561 344 2618 eltharae
356 2564 465 2622 collecto
476 2568 550 2622 sorde
561 2568 685 2628 dolentes.
