1982 2812
332 111 529 170 oAsMINUM
547 109 606 166 111.
624 113 649 176 3,
666 111 692 166 4.

185 209 323 266 Horrenda
333 211 388 266 lete
400 229 495 266 nomen
506 212 536 266 in
546 211 655 266 ultimos
695 261 697 266 .
708 261 711 266 .

183 281 319 335 Extendat
331 299 396 350 ores,
409 300 462 351 quo
472 281 574 335 medius
585 281 672 350 liquor

220 350 337 406 Seoernit
349 353 471 421 Europen
480 351 517 404 ,ab
529 351 601 420 Afro,

254 420 312 486 Qus
323 421 442 475 tumidus
453 422 524 490 riget
536 439 598 474 srve
610 419 695 488 Nilus,
705 419 713 424 “
724 417 748 438 “’
797 427 801 434 “

184 489 287 545 Aurum
299 492 455 562 importum
466 500 494 544 et
505 491 543 545 sio
554 489 650 544 melius
661 491 743 544 situm

185 560 273 626 Quum
285 566 355 614 tems
366 560 442 628 celat,
455 577 576 631 spernere
587 561 680 614 fortior

219 630 304 696 Quem
316 648 407 700 cogere
418 631 547 686 humanos
559 631 588 684 in
601 648 665 684 usus

254 700 338 754 Omne
349 717 453 754 secrsnn
464 702 584 771 rapiente
596 701 698 754 dextro.
705 757 725 764 ,,

185 769 340 840 Quicunque
351 771 451 825 mundo
462 771 591 824 terminus
603 769 714 839 obstitit,

185 838 266 894 Hunc
278 846 371 910 tanget
382 841 469 908 ermis,
482 841 565 894 visere
577 841 699 910 gestiens,

221 909 280 976 Quo
291 917 367 980 perte
379 909 574 964 debacchentur
585 913 669 980 ignes,

254 979 313 1046 Qua
324 979 427 1033 nebuloe
440 980 578 1052 pluviique
589 998 666 1034 rores.

186 1047 238 1104 sed
249 1048 379 1103 bellicosis
390 1050 448 1106 lete
460 1049 606 1115 Quiritibus

185 1117 244 1172 Hoc
255 1119 314 1188 lege
325 1119 391 1188 dico,
403 1136 437 1172 ne
448 1119 561 1172 nimium
573 1119 612 1190 pii

219 1188 359 1258 Rebusque
371 1189 482 1242 fidentes
494 1189 572 1242 ariter

145 1286 148 1295 ·
254 1258 334 1314 uecta
346 1258 430 1314 velint
441 1277 561 1330 reperere
574 1259 662 1330 Trojae.

185 1327 269 1397 lbcje
280 1346 418 1383 renoscens
430 1330 494 1383 alite
505 1329 613 1399 lugubri

185 1396 304 1452 Fortuna
315 1399 386 1453 tristi
398 1399 472 1453 clade
484 1397 630 1470 iterabitur,
658 1405 664 1466 ζ

219 1468 341 1522 Ducente
352 1468 472 1522 victrices
484 1475 602 1524 catervas

256 1538 372 1609 conjuge
383 1556 426 1592 me
437 1539 458 1592 J
458 1539 514 1592 ovis
526 1544 553 1592 et
565 1555 656 1593 sorore.

186 1607 237 1662 Ter
248 1608 271 1660 si
282 1613 402 1677 resurget
413 1625 505 1664 murus
516 1609 615 1662 edneus

186 1678 302 1732 Auctore
313 1677 418 1744 Phoebo,
431 1684 472 1730 ter
483 1683 574 1748 pereat
585 1677 652 1734 meis

221 1747 333 1800 Excisus
344 1747 458 1816 Argivis,
471 1751 512 1800 ter
523 1764 591 1800 uxor

256 1817 340 1886 Capta
351 1817 439 1871 virum
450 1833 596 1887 puerosque
607 1815 700 1886 ploret.

187 1885 249 1941 Non
259 1887 309 1941 hoc
317 1889 413 1956 jocosae
426 1886 580 1940 conveniet·
591 1886 669 1956 lyrae:

188 1956 351 2025 Quo‚Muss‚
363 1955 467 2010 tendisl
485 1955 719 2027 Desinepervictx
890 1975 891 1980 ’

223 2027 329 2080 Referre
342 2043 471 2080 sermones
483 2025 599 2086 Deorum
610 2032 638 2082 et

257 2095 357 2166 Megnn
368 2096 452 2150 modis
464 2102 574 2154 tenuere
585 2095 682 2168 parvis.
796 2111 799 2115 '

281 2269 431 2328 essuos
448 2269 569 2324 ιω
582 2277 748 2321 annosa.
810 2249 832 2324 ᾗ

188 2368 338 2426 Drsononr
350 2367 415 2423 coelo
427 2371 455 2422 et
467 2367 510 2422 dic
522 2383 571 2438 ege
583 2366 650 2421 tibio

191 2439 294 2567 Regna
304 2440 413 2508 longum
425 2437 542 2520 (lolliope
553 2436 641 2509 melos,

256 2527 277 2564 u
287 2526 351 2565 soce
362 2525 435 2562 nunc
446 2525 530 2562 meus
541 2512 629 2576 acute,

259 2579 312 2634 den
322 2577 419 2634 fidibus
431 2577 584 2647 citharaque
594 2575 695 2634 Phoebi.
894 2639 897 2648 ,

397 2661 409 2685 “
424 2663 629 2720 intestinius
