2006 2814
325 50 534 108 erimbertum
552 51 594 108 ΙΙ.
612 60 637 107 5.
837 51 885 104 ΗΥ

83 163 168 230 Quem
180 163 305 234 nequiere
316 161 390 234 proci
402 165 473 215 recto
486 161 615 234 depellere
627 182 706 220 cursu
715 166 742 220 2³¹

81 235 97 262 “
105 234 186 287 Venit
199 238 277 298 enim,
291 241 419 305 magnum
434 235 552 288 donandi
564 253 650 307 parco,
659 239 794 304 juventus,

81 305 138 358 Nec
151 312 256 358 tuntum
269 304 386 372 Veneris,
399 311 527 374 qnantum
541 305 659 358 studiose
671 307 772 360 culinae.
843 310 876 361 80

82 374 126 429 Sic
139 375 188 428 tibi
201 375 331 444 Penelope
343 375 414 444 frugi
428 381 474 442 est,
488 391 546 444 ques
559 376 581 428 si
594 376 672 430 semel
684 393 738 433 uno

28 455 33 468 '
81 445 122 498 De
136 462 196 497 eene
209 445 324 513 gustarit
336 451 424 498 tecum
437 445 537 512 pertita
549 443 683 516 lucellum,

82 515 120 567 Ut
133 515 205 571 canis
218 531 234 572 a
247 513 315 568 corio
328 530 465 582 nunquam
477 513 665 570 absterrebitur
678 519 765 572 uncto.

81 583 127 637 Me
138 601 206 646 eene,
215 583 284 652 quod
294 582 498 650 dicam,fectum
508 591 561 636 eet:
578 601 644 638 enus
654 585 773 656 improbe
782 583 877 647 lnebis

81 653 123 706 Ex
137 665 295 710 testamento
308 653 345 708 sic
357 663 395 704 est
408 652 492 708 elate:
511 655 623 710 cadever

81 722 199 775 Unctum
212 722 268 774 oleo
280 721 354 792 largo
366 721 445 779 nudis
457 723 574 780 humeris
586 723 650 780 tulit
662 724 751 792 heren

81 791 188 846 Scilicet
200 791 268 845 elabi
281 792 303 850 si
316 798 400 865 posset
414 799 532 859 mortue3
552 793 635 863 eredo,

81 861 159 922 Quod
172 861 283 916 nimium
296 861 429 916 instit-eret
442 863 549 916 viventi.
586 864 685 920 Cautus
698 865 778 935 ndito,

79 931 140 984 Neu
153 931 248 990 desiso
268 949 325 997 eree,
338 948 403 989 nere
417 931 603 988 immoderatus
615 935 738 992 abundes.

79 1001 221 1060 Difficilem
234 949 404 1059 cimorosum
417 1001 531 1057 offendet
542 1003 662 1073 garrulus
669 1024 677 1070 ;
696 1005 780 1066 ultro⁰
839 1008 873 1063 90

79 1070 107 1124 N
108 1089 142 1123 on
154 1071 235 1124 etiem
248 1069 330 1126 sileas.
367 1069 458 1128 Davus
471 1070 506 1126 sis
518 1071 631 1136 comicus
643 1079 724 1144 etque

80 1139 140 1194 Stes
152 1143 239 1208 capite
250 1139 359 1216 obstipo,
372 1139 488 1194 multum
501 1141 593 1194 similis
605 1149 724 1202 metuent

81 1209 211 1278 Obsequio
224 1227 355 1292 grassarei
373 1227 456 1278 moue,
469 1210 491 1266 si
504 1211 648 1269 increbruit
660 1230 734 1282 aure,

81 1279 181 1332 cnutus
192 1287 233 1332 uti
247 1279 316 1336 velet
329 1296 418 1340 sertim
431 1287 512 1352 eaput
519 1300 526 1346 ;
544 1281 745 1342 extraherem

81 1348 214 1418 Oppositifl
226 1348 355 1410 humeri&
372 1367 464 1408 aurem
476 1349 624 1421 substringe
636 1352 745 1421 loquaci.

79 1418 254 1488 Importunus
266 1427 339 1477 emet
351 1415 455 1475 laudari
467 1435 473 1494 ξ
493 1415 584 1495 donect
596 1417 735 1490 ‘ohejem
745 1417 763 1478 i’

79 1487 124 1539 Ad
138 1485 233 1538 coelum
245 1483 366 1543 manibus
379 1483 488 1542 sublatis
501 1483 606 1552 dixere,
619 1500 683 1555 urge
696 1491 723 1538 et
829 1525 836 1536 .

80 1556 245 1612 Crescentem
257 1553 365 1612 tumidis
377 1552 441 1611 infin
453 1552 615 1611 sermonibus
627 1559 721 1610 utrem.

81 1625 170 1688 Quum
182 1629 209 1677 te
221 1623 326 1682 servitio
338 1623 416 1694 longo
428 1639 541 1690 curaque
553 1620 655 1700 levarit,

79 1691 118 1746 Et
130 1699 231 1746 eertum
243 1693 365 1760 vigilans,
377 1693 383 1718 ⁶
395 1693 503 1754 Quartae
517 1698 571 1750 esto
584 1701 666 1760 pertis
679 1687 786 1758 Ulixes,'
823 1689 874 1746 100

79 1762 211 1827 Audieris,
225 1762 315 1822 ‘heres
326 1760 340 1813 :'
358 1760 411 1816 ‘Er
431 1777 529 1820 cnunc
542 1759 627 1818 Demo
639 1757 734 1815 sodalis

78 1831 219 1902 Nusquam
228 1831 284 1887 esti
299 1829 375 1888 Unde
384 1849 421 1882 mr
441 1831 516 1885 item
524 1829 619 1886 fortem
628 1835 736 1894 tamque
745 1825 848 1885 fidelem
855 1825 875 1878 l’

78 1901 180 1970 Sparge
192 1900 304 1957 subinde
315 1918 322 1966 ς
340 1907 375 1964 et,
385 1901 407 1954 si
418 1899 540 1968 paullum
552 1907 634 1970 potes,
643 1897 818 1960 illacrimerer
831 1909 872 1958 est

14 1967 16 1972 ‘
78 1973 183 2029 Gaudia
196 1979 348 2042 prodentem
361 1971 465 2029 vultum
478 1972 568 2030 celere.
604 1969 760 2042 Sepulcrum

77 2045 240 2098 Permissum
252 2041 359 2098 arbitrio
372 2042 427 2098 sine
440 2040 557 2098 sordibus
569 2047 675 2096 exstrue
682 2060 690 2108 3
708 2041 789 2102 funus

77 2111 193 2181 Egregie
204 2111 305 2163 foetum
318 2111 409 2170 laudet
422 2110 526 2168 ricinia.
563 2109 590 2166 Si
604 2111 663 2180 quis

78 2183 160 2236 Forte
172 2179 327 2237 coheredum
340 2179 425 2236 senior
437 2179 506 2236 mele
518 2180 618 2247 tussiet,
631 2180 694 2236 huic
706 2185 738 2242 tu

78 2253 139 2317 Dic,
151 2266 184 2302 ex
198 2257 272 2318 porte
285 2254 331 2306 tuo
343 2266 389 2306 seu
401 2249 479 2306 fundi
492 2249 546 2310 sive
558 2250 650 2308 domus
662 2251 697 2304 sit

79 2321 199 2392 Emptos,
211 2319 371 2388 gaudentem
383 2335 491 2373 nummo
504 2325 530 2372 te
542 2319 669 2377 addicere.
705 2319 756 2382 Sed
767 2339 810 2382 me

80 2391 225 2464 Imperioso
237 2388 320 2446 trabit
332 2387 502 2460 Proserpinae
521 2389 579 2444 vive
592 2385 727 2460 valeque.'’
821 2391 871 2450 110

436 2476 518 2522 ‘um

472 2688 491 2744 ll
