2006 2814
107 77 178 135 aas!
399 127 400 132 a
420 77 575 136 noanon
979 39 982 178 l

106 181 161 234 Hic
171 183 254 236 merel
266 187 319 238 erre
328 180 396 234 liber
407 180 500 245 Sosila
518 181 561 234 hic
574 187 601 234 et
612 198 684 234 mars
696 181 792 235 inusit

106 250 140 305 Et
151 252 259 319 longum
271 259 333 304 notu
346 252 464 321 scriptori
478 262 599 320 prorogat
611 269 702 304 oevum.
981 239 982 288 i

104 320 172 374 Sunt
184 321 281 376 delicte
293 329 389 387 umen,
403 322 496 389 quibus
508 321 638 388 igrruvisse
652 321 776 382 velimus;
799 319 894 390 [mens,

106 389 174 446 Nem
186 408 270 460 nuque
282 387 379 444 chorda
391 408 484 444 sonum
496 391 590 454 reddit,
600 408 676 458 quiem
689 391 747 442 vult
759 407 854 442 munus
866 398 895 444 et

105 459 279 528 Poscentique
290 477 397 528 gravem
409 477 523 530 pcrsaepe
536 461 648 513 remittit
661 472 783 523 ucutnm3

106 528 160 583 Nec
172 546 226 582 sem
245 547 272 582 er
284 529 360 583 feriet
372 530 544 598 quodcimque
556 529 701 582 minabitur
712 546 794 581 meus.
842 533 895 582 350

106 597 203 652 Verum
216 548 260 652 ubi
273 599 350 668 plura
361 599 448 652 nitent
461 600 488 650 in
501 600 623 664 carmine,
636 616 688 650 non
701 615 748 666 ego
760 598 851 668 paucis

106 667 230 722 Offender
241 669 358 735 maculis,
370 677 495 738 quasaut
508 668 609 722 incuria
621 668 693 720 fudit
981 683 982 740 l

107 737 160 791 Aut
172 738 288 792 humans.
300 756 393 806 parum
406 739 477 790 cavit
488 747 591 791 nutura.
628 737 698 802 Quid
710 754 771 806 ergo
782 735 839 790 eut
981 743 982 832 l

108 807 143 860 Ut
155 809 264 888 scriptor
277 808 298 860 si
311 815 402 876 peccat
413 807 484 860 idem
497 807 619 860 librarius
632 825 721 878 usquc,

105 875 231 942 Quemvis
243 883 283 930 est
294 880 418 943 munitus,
431 877 508 930 venia
520 885 606 941 ceret;
625 883 655 930 ut
668 876 827 930 citharedus
981 835 982 930 i

106 944 226 1012 Ridetur,
239 945 336 998 chorda
350 947 395 1012 qui
409 965 510 1016 semper
522 947 624 1000 oberrat
637 949 735 1012 eadem,

105 1013 148 1069 Sic
160 1015 233 1082 mihi,
247 1015 292 1083 qui
304 1017 419 1068 multum
431 1024 523 1084 cessat,
536 1017 567 1070 iit
579 1019 707 1071 Choerilus
720 1019 771 1084 ille,

106 1083 192 1146 Quem
205 1083 244 1136 bis
257 1091 329 1138 terve
342 1086 438 1139 bonum
451 1104 510 1140 eum
523 1087 577 1140 risu
590 1089 684 1150 mirum
702 1095 730 1140 et
742 1089 812 1142 idem

105 1153 239 1222 Indignor,
253 1156 409 1225 quandoque
422 1155 504 1209 bonus
516 1156 642 1209 dormitat
655 1158 792 1212 Homerus.
981 1203 982 1210 ,

105 1220 204 1278 Verum
216 1226 287 1294 operi
299 1225 378 1294 longo
390 1227 430 1278 ies
442 1233 482 1278 est
494 1226 617 1294 obrepere
629 1245 756 1281 somnum.
844 1231 898 1282 360
981 1229 982 1238 ’

105 1292 143 1346 Ut
155 1294 266 1363 pictura,
279 1297 378 1364 podsis:
397 1297 455 1362 erit,
468 1313 533 1364 quse,
547 1297 567 1348 si
581 1298 687 1366 propius
700 1306 758 1365 stes,

105 1361 141 1416 Te
153 1364 242 1436 capiat
255 1365 346 1434 magis,
359 1372 386 1417 et
398 1365 525 1434 quiedam,
538 1365 559 1417 si
572 1366 676 1434 longius
688 1366 788 1430 ubstes3

105 1431 172 1486 Haec
185 1439 257 1486 emat
269 1433 415 1500 obscurum,
429 1435 499 1488 volet
512 1434 567 1487 haec
580 1435 628 1487 sub
640 1435 698 1488 luce
711 1435 802 1504 videri,

105 1501 122 1555 J
125 1503 209 1556 udicis
221 1509 343 1571 argutum
356 1520 415 1572 quee
428 1521 480 1556 nou
493 1505 617 1558 formidat
630 1522 754 1570 aciimeng

105 1571 173 1626 Haec
185 1573 284 1642 placuit
297 1573 383 1641 semel,
397 1574 455 1628 hoeu
468 1574 552 1626 decies
564 1576 677 1644 repetita
690 1575 812 1644 placebit.

106 1641 128 1694 0
141 1645 223 1711 major
230 1643 368 1715 jusmum
381 1645 501 1712 quamvis
514 1652 541 1697 et
554 1662 615 1697 voce
628 1653 740 1713 paterna

107 1709 225 1780 llingeris
237 1712 270 1764 ad
283 1720 384 1765 rectum
397 1721 423 1766 et
436 1731 482 1783 per
494 1721 521 1767 te
533 1715 610 1786 sapis,
623 1715 672 1767 hoc
685 1715 734 1766 tibi
746 1714 849 1768 dictum

106 1781 178 1834 Tolle
190 1799 295 1848 memor,
308 1785 386 1836 certis
398 1785 514 1836 medium
527 1791 554 1837 et
566 1785 701 1837 tolerabile
712 1784 789 1844 rebus

110 1849 187 1904 Recte
200 1853 313 1904 concedi.
350 1853 488 1906 Gonsultus
497 1855 566 1922 juris
578 1862 604 1907 et
617 1862 691 1908 actor

107 1919 251 1973 Causarum
262 1921 398 1974 mediocris
410 1923 484 1976 abest
497 1925 596 1976 virtute
609 1923 700 1977 diserti
847 1925 901 1984 870

109 1987 234 2058 Messalae,
246 2009 294 2044 nec
307 1991 356 2044 scit
368 2000 498 2061 quantum
512 1993 651 2046 Cascellius
665 1994 757 2062 Aulus,

105 2057 157 2113 Sed
171 2067 259 2113 temen
271 2061 299 2112 in
311 2063 395 2131 pretio
407 2068 459 2115 cst:
478 2063 651 2116 mediocribus
664 2081 718 2117 esse
731 2063 817 2133 po'etis

110 2128 167 2182 Non
180 2130 304 2198 homines,
317 2147 369 2184 non
381 2132 425 2199 Di,
438 2150 491 2186 non
504 2150 651 2186 concessere
663 2134 799 2192 columnae.

111 2198 145 2270 Ut
157 2207 245 2270 grates
258 2201 326 2252 inter
337 2219 440 2254 menses
453 2203 609 2271 symphonia
620 2203 718 2258 discors

110 2266 144 2320 ill
156 2285 271 2322 cressum
282 2279 449 2338 unguentum
461 2279 488 2325 et
500 2272 582 2326 Sardo
594 2290 654 2326 cum
668 2274 745 2327 melle
757 2289 876 2344 papaver

109 2337 261 2406 Offendunt,
273 2346 376 2407 poterat
388 2341 450 2394 duci
463 2343 526 2410 quic
538 2361 612 2396 cuens
624 2343 679 2396 sinc
692 2343 756 2408 istis,

107 2403 152 2457 sic
164 2406 257 2460 animis
270 2414 363 2460 natum
375 2411 566 2479 inventumque
579 2414 673 2481 poema
682 2412 818 2482 jurandis,

109 2472 137 2526 Si
149 2474 269 2542 paullum
282 2492 382 2531 summo
395 2480 512 2546 decessit,
526 2482 612 2550 vergit
623 2481 658 2536 ed
671 2482 761 2537 imum.

110 2540 211 2594 Ludere
223 2544 268 2610 qui
281 2547 371 2613 nescit,
384 2549 574 2618 campestribus
587 2551 703 2604 abstinet
715 2552 800 2623 ermis,

111 2608 287 2680 Indoctusque
298 2613 360 2697 pilae
372 2617 470 2684 discive
483 2619 600 2672 trochive
612 2621 731 2690 quiescit,
848 2626 905 2690 350
