2006 2814
110 71 162 137 lto
433 73 587 128 nostru

107 181 206 239 Pocula
217 197 262 235 seu
273 181 381 236 modicis
394 181 496 234 uvescit
508 180 602 234 laetius.
637 180 674 236 Er
866 183 897 238 7(
988 143 991 260 i

97 255 261 308 .Se1·t1no
209 252 298 317 oritur,
312 269 363 303 non
376 251 408 304 de
422 251 490 304 villis
503 250 655 304 domibusve
667 270 683 304 a
694 249 768 320 ienis,

108 324 163 380 Nec
175 323 242 375 male
255 339 336 376 necue
350 322 431 391 Lepos
444 321 536 384 saltet;
555 321 598 374 sed
612 320 680 392 quod
694 321 778 392 magis
790 319 824 375 ad
837 339 885 378 nos

109 394 227 448 Pertinet
240 404 266 445 et
279 392 376 446 nescire
389 391 488 444 malum
501 398 546 456 est,
560 391 705 458 agitamus:
726 397 850 448 summae

109 464 216 518 Divitiis
229 463 353 526 homines,
366 478 400 514 an
413 461 465 514 sint
479 461 562 514 virtut
563 478 577 512 c
551 461 674 524 tbeati;

111 535 212 599 Quidve
224 534 258 586 ad
270 533 407 596 amicitias,
423 548 483 582 usus
495 541 636 596 rectumne,
650 529 739 584 trahat
728 537 814 597 tncs;

109 603 145 660 Et
158 621 216 672 quse
229 603 263 656 sit
276 610 372 658 natura
384 601 443 654 boni
457 617 640 680 summumque
652 599 751 670 quidj
729 617 743 652 e
756 617 792 654 us

111 674 217 727 Cervius
229 671 305 725 herc
298 681 366 727 mter
379 669 479 724 vicinus
492 670 575 738 garrit
588 669 670 724 aniles

110 742 152 796 Ex
164 761 192 798 re
204 742 320 798 tabellas.
355 739 382 796 Si
397 739 453 808 quis
466 756 527 794 nam
540 739 632 794 laudat
644 737 729 793 Arelli

110 811 260 868 Sollicitas
254 827 361 880 1gnarus
373 825 441 878 opes,
454 810 490 863 sic
503 809 610 879 incipit:
628 807 723 862 “Olim

112 882 236 942 Rusticus
248 882 377 936 urbanum
391 896 492 930 murem
504 896 563 932 mus
576 895 690 948 paupere
702 879 786 934 fertur
871 881 906 934 80

111 950 248 1021 Accepisse
261 967 331 1015 cavo,
346 956 458 1001 veterem
473 958 547 1001 vetus
560 948 652 1016 hospes
665 949 796 1002 amicum·
788 987 796 1016 ,

111 1025 195 1090 Asper
206 1029 233 1073 et
245 1028 363 1078 attentus
376 1019 501 1100 quesitis,
514 1025 569 1072 utt
571 1035 646 1072 amen
661 1026 765 1074 arctum

112 1091 228 1146 Solveret
217 1090 360 1172 tlrospitiis
373 1089 498 1144 animum.
535 1087 606 1148 Quid
619 1087 722 1142 multsi
741 1105 826 1158 neque
838 1085 886 1146 ille

113 1159 259 1230 sepositi·
238 1161 328 1216 creeris
340 1176 387 1213 nec
401 1158 484 1240 longa
498 1157 594 1212 invidit
606 1174 704 1223 avens,

111 1231 223 1284 Aridum
236 1240 263 1283 et
276 1247 318 1281 ore
330 1229 415 1282 ferens
427 1228 533 1280 acinum
547 1243 696 1295 semesaque
708 1226 777 1281 lardi

113 1299 209 1353 Frusta
221 1300 301 1363 dedit,
315 1299 423 1379 cupiens
436 1298 508 1350 varia
521 1295 628 1350 fastidia
640 1314 714 1350 crena

113 1369 224 1426 Vincere
237 1369 370 1438 tangentis
383 1367 484 1420 mele
464 1385 503 1418 sm
524 1366 569 1420 ule
581 1366 660 1418 dente
673 1365 798 1448 superbo;

114 1439 200 1504 Quum
214 1449 288 1509 pater
300 1439 355 1506 ipse
367 1437 459 1490 domus
472 1385 546 1505 paics
559 1442 691 1504 porrectus
704 1453 731 1489 m
745 1436 828 1494 horus
990 1491 991 1498 3

114 1508 189 1562 Esset
201 1509 263 1565 ador
276 1508 426 1576 loliumque,
439 1506 513 1574 dapis
526 1505 633 1558 meliora
644 1504 819 1591 relinquens.
874 1507 911 1566 89
990 1499 991 1516 ⁴

113 1573 229 1632 Tandem
249 1573 366 1628 urbanus
382 1573 415 1628 ad
438 1573 520 1638 hunc,
549 1571 633 1636 ‘Quid
654 1579 680 1627 te
696 1572 791 1640 juvat‚'
812 1570 911 1654 inqpit,

115 1642 241 1701 iraruoti
258 1644 368 1694 nemoris
382 1643 524 1695 patientem
539 1641 626 1692 rivere
639 1641 712 1692 dorso
725 1641 734 1694 l
777 1613 911 1712 Permitte,

117 1709 163 1767 Vis
176 1718 207 1768 tu
219 1711 337 1766 homines
349 1709 491 1792 urbemque
504 1710 566 1764 feris
579 1728 729 1782 praeponere
742 1714 832 1770 silvisi

116 1780 236 1849 Carpe'
213 1799 288 1846 viam,
301 1780 366 1836 mihi
379 1779 462 1846 crede,
475 1797 574 1844 comes;
593 1784 726 1837 terrestris
739 1785 845 1854 quando

115 1848 241 1904 Mortales
253 1851 354 1905 animas
367 1849 461 1904 vivunt
473 1851 565 1903 sortita
577 1867 626 1918 ne(
629 1869 662 1905 ue
675 1853 730 1906 ulla
742 1863 782 1912 est

117 1921 179 1972 Aut
176 1937 280 1986 magno
293 1929 340 1972 aut
371 1935 432 1973 srvo
446 1919 491 1972 leti
504 1921 582 1986 iuga:
602 1938 661 1988 quo,
675 1921 783 1992 bone,'
761 1941 838 1994 circo,

114 1984 140 2042 Ι)
162 2008 185 2040 rn
200 1989 289 2042 licet.
283 2007 308 2042 m
322 1937 420 2042 reius'
408 1988 570 2072 jucundis
547 2007 605 2043 vive
618 1989 726 2054 beatus;
990 2031 991 2050 r

113 2056 181 2112 vsvs
193 2074 298 2114 memor
312 2075 390 2110 ortam
405 2058 438 2106 sis
452 2076 499 2110 srvi
493 2059 616 2110 trevie)
654 2061 719 2106 Πιωι
732 2061 777 2114 ubi
791 2062 863 2120 dieta

115 2121 251 2190 Agrestem
264 2121 395 2202 pepulere,
408 2119 484 2176 domo
497 2121 562 2176 levis
574 2121 678 2187 exsili
652 2125 759 2182 tinne

113 2187 198 2242 Ambo
211 2191 372 2260 propositum
404 2198 516 2259 eragunt
528 2193 585 2258 iter,
599 2193 669 2247 urbis
682 2202 790 2250 aventes

114 2255 214 2311 Moenia
226 2261 347 2314 nocturni
360 2208 505 2383 suisrepere.
540 2261 655 2332 Jamque
668 2263 776 2320 tenebst
855 2271 912 2324 100

114 2325 173 2379 Nox
186 2329 302 2384 medium
315 2329 373 2382 eceli
386 2335 445 2398 spat
447 2331 517 2394 ium;
536 2347 617 2400 quum
648 2334 705 2388 ouit
718 2344 829 2410 uterque

115 2394 147 2448 ln
161 2394 291 2464 locuplete
303 2398 379 2454 domo
392 2399 457 2452 vesti
487 2417 510 2466 s,
523 2399 601 2454 rubro
614 2349 659 2454 uis
672 2419 748 2460 cocco

115 2461 210 2516 Tincta
221 2482 298 2536 super
311 2466 391 2520 lectos
403 2485 451 2522 can
472 2475 526 2523 eret
539 2469 618 2522 vestis
630 2469 749 2541 eburnos,

115 2528 253 2600 Multaque
265 2533 297 2588 de
309 2553 406 2606 magua
416 2545 581 2618 superessent
593 2539 693 2596 ferculo
705 2559 785 2610 crena,

116 2598 181 2667 Qua
192 2601 284 2671 procul
295 2605 436 2668 exstructis
448 2613 553 2667 merant
564 2605 686 2669 harena
698 2613 826 2674 camstrts
990 2587 991 2670 i
