2006 2814
84 9 137 66 224
405 3 528 60 HORAT
531 2 562 57 11

81 112 151 170 Nom
163 112 246 184 spirat
258 111 390 182 tragicum
404 113 468 166 satis
480 119 508 166 et
519 112 632 168 feliciter
643 110 731 180 audet,

84 184 136 238 Sed
148 191 253 253 turpem
266 189 345 252 putat
356 184 450 238 inscite
462 182 609 252 metuitque
622 181 737 236 lituram

85 254 214 321 Creditur,
227 272 260 306 ex
272 254 358 307 medio
372 254 434 322 quia
445 269 486 306 res
498 252 612 318 arcessit,
625 250 720 305 habere

85 325 191 377 Sudoris
202 324 350 391 minimum,
363 323 407 376 sed
420 323 500 376 habet
512 321 638 376 comoedia
651 327 726 374 tanto

82 393 146 447 Plus
154 395 246 461 oneris,
255 401 354 463 quanto
363 393 447 446 veniae
456 392 549 446 minus.
569 391 690 460 Adspice,
699 389 811 446 Plautus
826 390 881 448 170

83 464 139 528 Quo
151 470 229 533 pacto
241 471 329 533 partes
341 470 445 516 tutetur
456 461 570 516 amantis
583 461 685 531 ephebi,

82 533 120 586 Ut
132 533 215 602 patris
228 533 332 599 attenti,
345 533 446 588 lenonis
458 539 490 585 ut
502 531 620 585 insidiosi
627 551 634 596 3

83 603 205 666 Quantus
218 604 252 658 sit
264 604 414 658 Dossennus
426 601 549 656 edacibus
561 603 590 656 in
603 601 733 670 parasitis,

83 672 168 737 Quam
180 690 233 726 non
246 673 371 726 adstricto
383 677 518 742 percurrat
531 671 636 740 pulpita
648 687 733 734 socco;

84 743 170 796 Gestit
181 743 251 796 enim
264 760 403 796 nummum
415 742 443 794 iu
456 742 553 794 loculos
566 741 711 810 demittere,
724 739 845 812 posthoc

84 812 203 878 Securus,
216 813 301 878 cadat,
313 829 348 865 an
359 818 430 865 recto
443 819 495 864 stet
507 810 597 864 fabula
609 811 762 904 talo&

84 882 168 945 Quem
181 882 245 935 tulit
257 882 291 934 ad
304 899 408 936 soonam
421 888 528 935 ventoso
541 881 629 934 Gloria
641 897 728 950 curru,

82 950 226 1004 Exanimat
238 951 325 1004 lentus
338 957 475 1020 spectator,
488 950 593 1004 sedulus
606 951 696 1006 inflat:

83 1020 126 1073 Sic
138 1021 202 1088 leve,
215 1020 252 1073 sic
264 1038 376 1090 parvum
388 1028 435 1087 est,
447 1021 565 1075 animum
578 1021 649 1088 quod
661 1020 747 1075 laudis
759 1037 870 1076 avarum

83 1090 192 1144 Subruit
204 1097 252 1144 aut
264 1091 355 1145 reficit.
392 1090 487 1144 Valeat
499 1109 541 1146 res
551 1090 661 1158 ludicra,
674 1091 696 1143 si
709 1108 751 1144 ms
802 1137 807 1148 .
826 1094 878 1145 180

85 1159 178 1212 Palma
190 1168 287 1229 negata
298 1177 423 1226 macrum,
437 1159 650 1217 donatareducit
662 1161 785 1230 opimum

84 1229 158 1298 Saepe
170 1231 250 1282 etiam
263 1231 389 1284 audacem
401 1230 479 1298 fugat
490 1230 540 1282 hoc
552 1236 684 1299 terretque
698 1232 811 1298 pottam,

84 1299 160 1364 Quod
171 1317 281 1354 numero
293 1300 388 1369 plures,
401 1300 500 1354 virtute
513 1305 540 1354 et
553 1299 650 1354 honore
661 1300 781 1368 minores,

85 1367 189 1422 Indocti
202 1370 343 1437 stolidique
355 1376 382 1422 et
394 1370 546 1437 depugnare
558 1370 651 1438 parati,

84 1437 112 1491 Si
124 1438 254 1492 discordet
266 1456 352 1508 eques,
364 1439 452 1492 media
464 1440 534 1492 iuter
546 1440 662 1496 carmina
674 1443 786 1508 poscunt

84 1509 140 1562 Aut
154 1527 242 1561 ursum
254 1517 302 1564 aut
314 1509 431 1578 pugiles3
449 1509 491 1562 his
503 1526 565 1562 nam
577 1508 713 1577 plebecula
725 1507 837 1577 plaudit.

85 1577 184 1630 Verum
196 1580 292 1647 equitis
304 1596 407 1648 quoque
415 1580 474 1646 jam
485 1579 611 1646 migravit
622 1577 656 1632 ab
668 1595 732 1634 aure
744 1578 868 1648 voluptas

85 1647 175 1700 Omnis
188 1649 221 1702 ad
233 1649 346 1702 incertos
358 1648 446 1702 oculos
458 1654 486 1700 et
498 1648 596 1716 gaudia
607 1665 683 1702 varra.

66 1730 71 1750 ¹
85 1717 216 1781 Quattuor
228 1726 275 1773 aut
287 1719 375 1788 plurcs
387 1718 472 1772 aulaea
484 1723 641 1786 premuntur
652 1718 680 1770 iu
692 1716 775 1786 horas,

83 1785 153 1839 Dum
161 1788 270 1856 fugiunt
277 1789 395 1856 equitum
404 1794 497 1841 turma
505 1787 676 1857 peditumque
684 1794 812 1853 catorum
825 1790 876 1842 leo

84 1854 149 1908 Mox
161 1857 277 1912 trahitur
288 1857 411 1912 manibus
422 1875 514 1925 regum
526 1857 633 1914 fortuna
645 1858 757 1927 retortis,

83 1925 182 1980 Esseda
193 1928 329 1996 festinant,
341 1928 450 1998 pilenta,
462 1929 595 1998 petorrita,
607 1945 694 1996 uevss,
839 1975 843 1994 ,

84 1996 224 2066 Captivum
236 2005 357 2067 portatur
370 1998 440 2064 ebur,
453 1999 559 2066 captiva
571 1998 719 2082 Corinthus.
754 2005 759 2019 '
780 2019 783 2028 ⁴
803 1993 809 2002 ⁴
840 1997 847 2005 ’
872 1995 875 2005 ’

83 2065 112 2118 ui
123 2067 191 2136 foret
202 2067 231 2120 iu
244 2070 329 2134 terris,
338 2067 435 2121 rideret
446 2064 619 2134 Democritus,
629 2084 678 2124 seu

83 2135 222 2190 Diversum
235 2138 342 2192 confusa
354 2153 436 2204 genus
448 2137 578 2206 panthera
590 2137 695 2204 camelo,

84 2205 144 2258 Sive
157 2206 262 2274 elephas
274 2207 350 2260 albus
362 2206 436 2273 vulgi
449 2213 612 2262 converteret
624 2225 669 2262 ora
676 2227 684 2272 ;

83 2275 220 2396 {pecteret
232 2277 359 2345 populum
371 2273 441 2328 ludis
454 2277 583 2330 attentius
595 2277 666 2344 ipsis,

109 2351 121 2395 t
133 2344 182 2394 sibi
195 2344 354 2412 praebeutem
366 2345 446 2398 mimo
459 2346 609 2412 spectacula
629 2345 710 2413 >lura3

84 2411 226 2479 Scriptores
238 2420 326 2468 autem
338 2431 444 2468 narrare
456 2419 563 2482 putarat
574 2433 617 2470 ase
629 2415 654 2468 lo

84 2479 218 2556 Eabsllam
231 2483 314 2536 surdo.
349 2483 418 2538 Nam
431 2499 488 2550 quae
501 2485 651 2554 pervincere
663 2503 738 2542 voces
822 2491 875 2544 200

112 2548 212 2601 ”aluere
225 2567 325 2618 sonum,
337 2553 456 2606 referunt
468 2569 547 2621 quem
558 2562 647 2610 nostra
659 2555 782 2614 thecuat

987 1581 989 1628 l
