2006 2814
92 61 143 118 906
399 62 553 118 ΗΟΒΑΤΙΙ

184 265 361 320 EPISTOLA
380 265 527 320 XIV.-sr>
540 279 680 319 trumonis
692 279 775 318 soom

89 378 208 434 Vrturon
220 379 346 433 silvorum
358 380 462 434 etmihi
474 397 517 433 me
528 381 661 436 reddentis
673 383 760 452 agelli,

89 449 173 515 Quem
185 458 215 503 tu
227 451 330 503 fastidis
343 451 492 504 habitatum
505 452 621 521 quinque
633 454 697 506 iocis
710 459 737 507 et

89 519 211 589 Quinque
222 520 302 573 bonos
314 521 421 573 solitum
434 520 541 573 Variam
554 522 686 575 dimittere
699 531 794 592 putres,

88 588 229 657 Certemus,
243 590 330 659 spinas
343 591 464 642 animone
476 608 525 659 ego
537 592 639 659 fortius,
651 610 686 644 un
698 600 729 645 tu

86 656 192 713 Evellss
204 678 267 728 egro
280 667 307 712 et
318 660 410 713 melior
422 660 456 712 sit
470 660 604 728 Horatius,
616 679 651 714 on
663 678 711 716 res.

86 725 132 782 Me
145 729 264 796 quamvis
277 730 373 782 Lamiae
386 729 470 798 pietas
482 737 510 782 et
521 747 585 783 oure
596 739 712 784 moretur

88 793 206 852 Fratrem
219 799 359 865 moerentis,
371 805 447 867 rapto
459 799 492 851 de
504 801 585 852 fratre
598 801 710 855 dolentis

86 865 271 935 insolabiliter,
284 876 373 920 temen
385 869 455 921 istuc
466 887 541 922 mens
552 871 708 939 animusque

85 936 149 991 Fert
161 945 188 992 et
200 945 272 990 umet
284 939 376 1006 spatiis
389 939 521 990 obstantia
532 957 652 1008 rumpere
664 941 785 995 clausere

86 1005 157 1061 Rure
170 1025 217 1076 ego
231 1007 371 1076 viventem,
383 1015 415 1060 tu
426 1008 492 1060 dicis
504 1009 533 1061 in
545 1009 609 1062 urbe
622 1009 744 1074 beotum3
846 1015 881 1064 10

85 1076 134 1129 (lui
147 1077 233 1146 pluoet
245 1077 361 1145 ulterius,
374 1095 423 1130 sue
434 1078 560 1130 nimirum
572 1086 612 1131 est
624 1079 683 1132 odio
695 1097 755 1133 sors.

84 1145 188 1199 Stultus
201 1153 311 1215 uterque
324 1147 411 1200 locum
424 1147 584 1200 immeritum
597 1156 721 1202 causetur
732 1149 838 1218 inique;

85 1215 118 1269 In
131 1217 209 1285 culpe
221 1225 261 1269 est
273 1218 384 1284 enimus,
398 1218 443 1286 qui
455 1235 482 1270 se
494 1235 547 1270 non
559 1217 652 1286 effugit
665 1236 789 1288 unquam.

84 1284 124 1338 Tu
137 1287 309 1339 mediastinus
322 1287 404 1340 tacite
416 1304 492 1356 prece
503 1303 566 1340 rure
578 1288 691 1356 petebas,

83 1353 109 1408 N
112 1373 161 1408 une
175 1356 265 1409 urbem
278 1363 304 1409 et
317 1356 392 1408 ludos
404 1363 432 1408 et
444 1355 537 1408 balnea
549 1357 653 1411 villicus
665 1364 754 1427 optes3

82 1423 128 1478 Me
140 1437 259 1479 constare
270 1425 336 1476 mibi
348 1425 398 1478 sois
411 1434 437 1478 et
449 1425 580 1479 discedere
593 1428 702 1495 tristem,
993 1423 994 1470 l

84 1494 302 1562 Quandocunque
315 1495 426 1548 trahunt
438 1495 522 1547 invise
534 1497 639 1564 negotia
653 1497 769 1550 Romm

84 1562 109 1616 N
111 1582 145 1618 on
158 1565 249 1618 eudem
261 1564 403 1629 miramur3
421 1581 450 1616 eo
463 1565 626 1618 disconvenit
638 1566 708 1620 inter

81 1631 127 1687 Me
146 1653 180 1687 ue
192 1641 219 1688 et
231 1642 271 1688 te:
290 1653 360 1701 num,
373 1652 432 1703 quse
444 1634 548 1687 deserte
559 1644 586 1688 et
598 1636 732 1704 inhospita
743 1640 837 1704 terque

82 1653 179 1771 Credis,
192 1721 295 1758 amoena
307 1713 390 1769 vocet,
403 1721 506 1756 mecum
518 1706 564 1772 qui
576 1706 664 1772 sentit,
677 1712 705 1758 et
716 1704 779 1773 odit,
840 1710 877 1759 20

82 1771 149 1835 Quae
162 1783 193 1826 tu
205 1775 317 1843 pulchre
329 1783 415 1842 putes.
450 1774 548 1826 Fornix
562 1774 610 1827 tibi
622 1783 649 1827 et
662 1781 743 1829 uncte
755 1775 857 1844 popius.

80 1841 223 1897 incutiunt
237 1845 306 1896 urbis
318 1843 483 1913 desiderium,
497 1844 579 1910 video,
592 1852 619 1897 et
633 1845 703 1912 quod

80 1911 203 1982 Angulus
216 1913 266 1968 iste
278 1914 346 1966 feret
356 1915 432 1983 piper
442 1920 470 1966 et
484 1913 546 1965 thus
558 1915 630 1967 ocius
643 1931 702 1982 uve,

79 1981 105 2035 N
106 2000 135 2036 ec
149 1983 236 2036 vicine
248 1983 337 2035 subest
351 1984 442 2034 vinum
455 1982 569 2051 praebere
582 1982 692 2036 taberne

80 2052 143 2116 Quae
157 2054 238 2122 possit
251 2052 307 2119 tibi,
320 2070 368 2104 nec
380 2052 505 2105 meretrix
518 2052 635 2120 tibicine,
647 2055 723 2122 eujus

78 2121 121 2174 Ad
134 2130 187 2175 stre
207 2123 275 2175 itum
288 2121 366 2174 salias
378 2135 453 2174 terrm
465 2123 568 2189 gravis:
585 2130 612 2175 et
625 2131 714 2176 tamen
726 2139 804 2192 urges

78 2141 245 2260 Jempridem
257 2209 310 2244 non
324 2199 395 2244 tecte
406 2191 537 2260 ligonibus
549 2210 613 2246 erse
626 2193 769 2261 bovemque

77 2260 247 2329 Disjunotum
260 2279 336 2314 cures
349 2271 376 2314 et
388 2262 486 2314 strictis
499 2262 634 2314 frondibus
646 2262 736 2332 exples
742 2281 751 2328 ;

78 2330 161 2382 Addit
174 2347 239 2398 opus
253 2331 326 2398 pigro
340 2331 418 2395 rivus,
431 2331 452 2382 si
465 2331 563 2384 decidit
576 2332 666 2398 imber,

77 2397 167 2450 Multa
179 2399 246 2450 mole
259 2399 391 2451 docendus
404 2400 492 2468 aprico
505 2417 611 2468 parcere
623 2407 706 2470 prato.
838 2407 875 2458 30

77 2466 102 2519 N
104 2484 156 2518 une
169 2484 225 2535 ogo,
239 2468 302 2536 quid
314 2477 433 2521 nostrum
446 2477 602 2522 concentum
614 2471 724 2539 dividat,
736 2471 807 2527 audi.

78 2535 162 2600 Quem
174 2542 266 2589 tenues
279 2536 389 2590 decuere
401 2543 470 2606 togae
482 2539 612 2609 nitidique
624 2539 721 2610 oepilli,
