2006 2814
110 73 161 130 203
428 82 585 138 HORATII

107 175 218 231 necem
229 181 288 232 uter
299 178 388 260 plures
399 177 507 247 lepores,
519 185 579 232 uter
590 178 685 234 educet
697 197 783 252 apros,

108 246 176 300 Utra
187 249 271 316 magis
282 265 366 317 pisces
378 255 405 302 et
417 247 522 300 echinos
535 265 639 317 aequora
651 250 745 316 celent,

108 315 138 367 P·
179 319 218 370 uis
229 325 261 372 ut
273 319 335 371 inde
346 319 454 372 domum
466 318 562 387 possim
575 319 725 387 Phaeaxque
737 320 854 388 revertit

108 385 163 438 Scri
182 405 224 440 erc
236 393 263 440 te
275 388 356 455 nobis,
369 388 419 441 tibi
430 404 477 440 nos
489 387 624 441 accredere
636 405 685 457 par
697 397 744 445 est.

106 453 228 525 lllaeniue,
241 465 273 510 ut
284 457 362 510 rebus
374 458 499 516 maternis
511 465 591 526 atque
603 459 720 526 paternis

107 523 222 580 Fortiter
234 525 379 597 absumptis
392 526 507 580 urbanus
519 527 598 596 coepit
611 527 709 596 haberi,

105 594 202 649 Scurra
215 615 303 665 vagus,
316 614 369 650 non
382 597 427 665 qui
439 604 540 650 certum
553 613 667 665 praesepe
681 603 790 668 teneret,

109 663 262 734 impransus
274 684 327 720 non
339 667 386 736 qui
398 666 482 720 civem
494 667 656 733 dignosceret
668 666 751 735 hoste,

107 733 239 795 Quaelibet
251 737 279 788 in
292 736 410 804 quemvis
422 735 559 804 opprobria
571 735 669 803 fingere
681 753 774 804 saevus,
869 743 907 794 30

107 803 238 858 Pernicies
251 814 278 858 et
290 812 432 874 tempestas
445 805 648 874 barathrumque
661 807 774 874 macelli,

107 873 244 943 Quidquid
257 875 403 942 quaesierat,
417 876 503 928 ventri
515 874 630 928 donabat
642 892 729 929 avaro.
993 909 994 912 =

106 941 166 1011 Hic,
180 944 224 998 ubi
236 943 362 1012 nequities
374 944 520 998 fautoribus
533 951 559 996 et
572 942 672 996 timidis
684 945 724 998 nil
994 978 995 1042 p

108 1012 161 1065 Aut
173 1013 294 1081 paullum
306 1011 458 1081 abstulerat,
471 1013 575 1082 patinas
588 1013 708 1066 coenabat
721 1015 810 1083 omasi,
994 1045 995 1106 p

109 1080 174 1132 Vilis
187 1090 213 1136 et
225 1082 337 1152 agninae,
350 1083 433 1136 tribus
446 1083 513 1138 ursis
526 1083 596 1150 quod
609 1083 672 1136 satis
684 1091 766 1149 esset;

105 1149 213 1204 Scilicet
225 1160 256 1205 ut
268 1159 372 1204 ventres
384 1153 472 1204 lomna
484 1152 612 1204 candente
625 1160 753 1220 nepotum

107 1219 213 1274 Diceret
224 1222 343 1288 urendos,
356 1232 483 1274 corrector
495 1221 606 1274 Bestius.
642 1221 717 1275 idem

107 1289 241 1353 Quidquid
253 1298 310 1343 eret
322 1299 415 1344 nactus
428 1291 523 1359 praedse
535 1291 648 1358 mcq‘oris,
660 1291 704 1344 ubi
718 1309 795 1347 omne

106 1356 227 1412 Verterat
240 1361 268 1411 in
280 1362 384 1413 fumum
396 1374 423 1414 et
435 1361 557 1427 cinerem,
573 1361 588 1390 “
596 1361 622 1414 N
623 1378 657 1414 on
670 1363 785 1416 Hercule
797 1365 906 1436 miror‚”

105 1427 207 1494 Aiebat,
222 1430 236 1456 “
245 1429 267 1482 si
281 1430 327 1497 qui
339 1429 481 1482 comedunt
493 1429 567 1496 bona,
581 1447 663 1498 quum
676 1432 710 1483 sit
723 1432 799 1487 obeso
867 1443 906 1494 40

104 1495 150 1548 Nil
162 1498 256 1552 melius
269 1499 355 1565 turdo,
367 1499 407 1550 nil
420 1499 500 1552 vulva
511 1499 648 1568 pulchrius
660 1500 774 1568 ampla-’²

103 1568 235 1622 Nimirum
248 1570 292 1622 bic
304 1587 351 1637 ego
364 1585 437 1632 sum;
456 1584 518 1619 nam
530 1575 590 1620 tuta
602 1577 629 1620 et
641 1568 752 1636 parvula
764 1568 856 1641 laudo,

104 1639 191 1704 Quum
203 1657 243 1692 res
256 1639 390 1704 deficiunt,
403 1637 466 1690 satis
478 1637 547 1688 inter
559 1636 623 1689 vilia
635 1637 724 1701 fortis3

104 1708 210 1777 Verum,
222 1708 268 1762 ubi
280 1709 344 1778 quid
356 1708 450 1760 melios
462 1706 593 1773 contingit
605 1715 631 1760 et
644 1707 758 1776 unctius,
770 1708 845 1766 idem

104 1778 156 1832 Vos
168 1796 257 1848 sapere
270 1789 297 1831 et
309 1778 374 1830 solos
386 1777 427 1830 aio
439 1776 505 1828 benc
518 1777 612 1842 vivere,
625 1793 736 1844 quorum

103 1849 268 1918 Conspicitur
280 1848 371 1902 nitidis
383 1846 495 1901 lundata
507 1846 619 1914 pecunia
631 1845 707 1902 villis

231 2009 404 2069 EPIS'POLA
422 2007 576 2064 XVL-nn
589 2025 756 2070 comorius.

101 2128 145 2184 Ns
157 2128 323 2200 perconteris,
337 2125 435 2179 fundus
446 2141 527 2192 meus,
540 2123 638 2193 optime
651 2124 767 2194 Quincti,

101 2201 172 2254 Areo
185 2209 275 2269 pascat
287 2199 388 2262 herum,
401 2212 435 2247 on
448 2195 533 2248 baccis
546 2195 683 2262 opulentet
695 2195 779 2264 oliva,

101 2268 230 2336 Pomisne,
243 2286 276 2320 an
290 2266 379 2336 pratis,
392 2282 427 2317 an
439 2266 536 2317 amicta
548 2264 646 2316 vitibus
658 2265 737 2331 ulmo,

100 2338 234 2391 Scribctur
246 2337 295 2390 tibi
307 2337 390 2388 forma
403 2334 546 2402 loquaciter
558 2341 585 2385 ct
597 2334 663 2386 situs
675 2334 740 2402 agri.

101 2406 226 2458 Continui
237 2411 345 2458 montes.
358 2403 387 2455 ni
399 2403 571 2455 dissocientur
583 2419 665 2471 opaca

100 2474 184 2540 Valle,
196 2474 242 2525 scd
255 2479 285 2525 ut
296 2472 404 2525 veniens
415 2472 539 2524 dextrum
550 2471 620 2523 latus
632 2472 761 2540 adspiciat
773 2473 827 2545 Sol,

99 2541 207 2599 aarum
219 2541 354 2596 discedens
366 2557 443 2606 curru
455 2541 573 2611 fugiente
584 2547 700 2612 vaporet
