2014 2810
71 161 137 216 ‘lam
148 161 255 216 facilem
267 161 347 230 dieat,
358 162 427 217 votis
438 167 471 218 ut
481 129 598 285 pffilnt
611 161 719 217 aurem?

69 230 209 300 Praetorea,
221 249 254 286 ne
267 233 312 301 sic,
326 236 356 286 ut
369 233 414 302 qui
421 235 484 303 jocu
496 251 558 299 ana,
571 232 659 285 ridens

69 300 238 355 Percurram:
251 331 287 341 -
299 319 461 371 quamquam
472 303 603 356 ridentem
616 303 701 355 dicere
713 319 805 354 verum

13 366 58 424 221).
69 371 141 436 Quid
153 371 245 440 petati
264 378 295 424 ut
307 372 394 442 pueris
407 372 470 425 olim
482 373 548 425 dant
560 373 680 456 “Q
689 371 781 426 blandi

6 488 9 497 .
45 498 48 509 ,
68 440 202 508 Doctores,
215 441 347 494 clementa
358 441 486 518 Qi
498 442 596 494 discere
608 459 695 510 prima
702 460 708 473 ·
715 429 789 486 ‘22¹2
804 433 860 486 Μ*
871 419 931 496 ’ἦ

7 557 9 566 ,
36 534 53 574 32
62 511 125 572 died
138 518 228 564 tamen
240 517 328 564 amoto
341 527 488 580 quaeramus
501 512 567 564 seria
579 511 649 566 ludo.

70 577 122 634 Ille
134 598 242 650 gravem
255 575 431 634 d'u'fo‘terrem
443 582 489 649 qui
501 581 582 633 vertit
593 587 689 649 aratro,
702 572 708 583 ⁸

69 649 191 704 Perfidus
203 650 247 703 hic
260 667 351 719 caupo,
364 651 455 704 miles·
467 658 616 718 nautaeque,
629 667 766 721 peremne

69 719 191 775 Audaces
204 737 276 773 mare
288 720 336 789 qui
349 727 465 788 currunt,
478 721 528 774 hae
539 726 628 773 mente
641 720 757 775 laborem
832 724 866 776 30

70 789 132 844 Sese
144 791 220 856 ferre,
234 807 308 842 senes
321 795 353 843 nt
365 791 394 844 in
406 791 461 844 otia
473 795 533 844 tuta
544 791 676 859 recedant,

69 859 163 928 Aiunt,
176 876 260 929 quum
272 859 322 912 sibi
334 860 388 913 sint
400 877 448 914 oon
468 867 524 913 esta
536 860 649 914 cibaria:
667 861 736 915 sicut

70 929 195 997 Parvula,
207 947 271 982 nam
283 929 403 1000 exemplo
415 878 687 998 emmim
698 930 793 984 laboris

10 1061 12 1070 y
71 998 122 1054 Ore
135 999 220 1054 trahit
231 999 408 1070 quodcunque
420 1007 506 1069 potest
518 1005 600 1068 atque
611 1000 687 1054 addit
699 1018 799 1070 acervo,

4 1108 7 1118 .
26 1069 50 1122 ἱ)
70 1068 156 1135 Quem
170 1070 258 1152 st-rpit,
272 1067 346 1123 hand
357 1070 450 1138 ignara
462 1087 493 1123 ac
505 1087 558 1122 non
570 1070 679 1123 incaute
690 1070 781 1125 futuri.

70 1138 144 1208 Qua,
156 1139 237 1193 srmul
250 1139 385 1192 inversum
396 1140 536 1193 contristat
548 1139 681 1208 Aquarius
693 1157 801 1211 annum,

70 1209 131 1264 Non
143 1227 255 1278 usquam
268 1210 385 1279 prorepit
397 1215 424 1262 et
435 1210 489 1262 illis
501 1209 589 1263 utitur
600 1215 663 1262 ante

71 1278 194 1345 Quaesitis
206 1277 330 1349 sapiens‘,
344 1296 426 1348 quum
439 1284 465 1332 te
478 1296 563 1349 neque
574 1279 692 1332 fervidus
705 1285 786 1332 aestus

69 1349 216 1404 Demoveat
227 1349 308 1416 lucro,
321 1365 406 1419 neque
418 1349 508 1417 hiems,
522 1349 597 1418 ignis,
609 1366 689 1418 mare,
701 1351 809 1418 farum,
856 1403 858 1408 ,
993 1377 1006 1418 «¹

69 1418 117 1473 Nil
129 1418 215 1472 obstet
227 1418 284 1485 tibi,
298 1418 362 1471 dum
374 1436 407 1471 ne
420 1419 455 1472 sit
467 1426 494 1472 te
506 1419 585 1472 ditior
597 1419 672 1474 alter.
832 1421 868 1472 40

71 1488 142 1553 Quid
150 1491 230 1558 juvat
242 1488 400 1541 immensum
412 1495 439 1541 te
451 1489 555 1558 argenti
568 1489 671 1559 pondus
683 1494 710 1542 et
722 1489 782 1540 auri

70 1557 175 1612 Furtim
188 1558 291 1618 defossa
302 1558 428 1611 timidum
441 1559 570 1628 deponere
582 1558 671 1611 terrai

70 1627 88 1656 ‘
96 1625 174 1688 Quod
187 1624 210 1676 si
222 1625 391 1687 comminuas,
403 1625 483 1677 vilem
494 1627 550 1677 redi
586 1635 630 1692 tur
642 1625 676 1678 ad
689 1625 797 1696 assem!⁹

65 1698 89 1749 A
143 1697 149 1708 '
165 1697 171 1708 '
204 1694 242 1760 fit,
255 1693 320 1762 quid
332 1692 414 1746 habet
425 1642 852 1762 Mssiiil‘difficervust

66 1765 154 1830 Milia¹
167 1763 284 1817 rumenti
295 1769 344 1815 tua
356 1763 460 1816 triverit
472 1780 533 1816 area
545 1767 661 1831 centnm,

66 1833 127 1888 Non
139 1840 201 1886 tuus
213 1834 262 1886 hoc
275 1833 363 1901 capiet
375 1838 466 1886 venter
477 1833 538 1902 plus
550 1849 580 1884 ac
593 1849 682 1887 meus:
700 1837 732 1884 ut
744 1831 766 1884 si

67 1904 220 1958 Reticulum
232 1901 308 1972 panis
321 1901 426 1955 venales
438 1901 509 1954 inter
519 1907 613 1955 onusto
826 1947 830 1958 .
884 1943 887 1953 .

67 1965 238 2028 somenae
250 1972 366 2038 humero,
378 1971 462 2024 nihilo
474 1963 659 2041 plusaccipias
672 1969 780 2061 quappp
790 1947 917 2048 {³¹²ss}ss

67 2043 122 2110 Qui
133 2043 172 2096 nil
184 2041 303 2112 portarit.
340 2040 389 2093 Vel
402 2041 453 2108 die,
465 2041 530 2110 quid
541 2041 722 2113 retemintra
844 2040 849 2060 ‘
871 2048 875 2058 '

67 2112 179 2168 Natura
190 2111 256 2164 fines
268 2111 375 2177 viventi,
384 2112 480 2178 jugera
492 2116 598 2163 centum
611 2116 645 2163 sn
827 2117 861 2166 50

66 2183 143 2240 Mille
154 2181 231 2236 aretl
260 2180 276 2208 “
283 2181 320 2231 At
332 2195 412 2240 suave
423 2185 508 2231 estex
519 2195 616 2244 magno
627 2179 718 2232 tollere
730 2177 844 2232 acervo.''

66 2249 140 2301 Dum
151 2265 185 2300 ex
196 2263 278 2315 parvo
290 2242 364 2297 nobis
376 2245 534 2314 tentando-m
546 2244 652 2298 haurire
664 2241 833 2317 relinquas&
842 2233 926 2294 tuM

68 2317 122 2370 Cur
133 2323 180 2370 tna
191 2315 252 2384 plus
264 2313 354 2368 laudes
367 2309 614 2383 cMgrsnaria
625 2317 738 2371 nostrisl

68 2386 105 2438 Ut
118 2384 167 2438 tibi
181 2385 203 2436 si
215 2384 250 2436 sit
262 2400 328 2453 opus
339 2382 435 2454 liquidi
447 2399 500 2436 nen
512 2385 625 2453 amplius
638 2403 711 2452 urna,

20 2481 45 2507 η
70 2451 122 2506 Vel
133 2449 237 2521 cyatho,
249 2456 276 2504 et
287 2451 366 2520 dicas,
379 2452 500 2523 “Magno
512 2453 544 2508 de
555 2453 665 2510 flumine
675 2457 782 2512 mallem
812 2499 814 2506 .

43 2576 50 2592 ,
121 2547 123 2566 2
139 2547 152 2566 ιι
163 2537 205 2598 οοι
216 2521 266 2573 hec
276 2520 404 2575 fonticulo
415 2524 574 2579 tantundem
585 2525 709 2581 sumere.”
744 2529 782 2582 Eo
794 2529 831 2590 fit.

154 2605 488 2658 mandamentorum
734 2609 739 2618 '

74 53 126 112 ne
383 49 549 136 nostum
981 2 1005 188 '¹3

990 193 1004 278 i

996 289 1000 353 l
