2006 2814
357 79 569 139 SATIRARUM
588 77 628 134 11.
646 83 670 132 8.
867 75 916 134 187

124 182 241 236 Stridore
253 187 352 237 seereie
364 185 461 238 divisos
473 201 536 236 eure
548 185 687 235 susurros.”

124 253 139 282 “
147 253 171 304 Ν
173 253 241 306 ullos
253 253 294 306 his
305 254 412 307 mallem
425 253 500 307 iudos
513 259 642 321 spectasse
654 271 661 315 ;
680 251 724 306 sed
736 251 783 306 ills

124 321 215 376 Redde
227 340 284 392 ege,
293 341 351 392 quae
365 324 487 394 deinceps
499 321 605 376 risisti.''
629 322 774 376 “Vibidius
786 321 851 375 dum
879 323 914 373 80

124 393 224 457 Quaerit
236 393 269 446 de
281 393 375 462 pueris,
388 409 453 444 num
466 393 500 445 sit
513 409 616 460 quoque
628 392 713 444 freete
726 390 828 459 lugens,

124 463 199 527 Quod
211 461 260 515 sibi
273 462 389 532 poscenti
402 479 454 514 non
467 461 565 515 duntur
576 460 677 530 poeulu,
689 461 805 528 dumque

124 532 238 585 Ridetur
249 531 318 585 fictis
329 549 424 599 rerum,
437 531 579 584 Balatrone
591 530 713 596 secundo,

123 600 273 669 Nasidienus,
285 601 355 654 redis
366 606 476 654 mutetae
488 601 589 668 frontis,
601 607 633 653 ut
644 605 701 653 erte

123 670 320 725 Emendeturus
332 672 466 724 fortunam
473 689 482 735 ;
499 670 594 723 deinde
606 669 714 738 sequuti

123 740 280 794 Mezonomo
291 741 367 811 pueri
378 757 475 808 magno
486 739 619 809 discerpis
629 740 743 793 ferentes

124 809 248 864 Membra
259 811 332 879 gruis
344 810 427 892 sparsi
439 807 493 862 sele
504 809 597 877 mulio,
609 826 662 863 nou
675 809 731 862 sine
743 807 827 871 ferre3

123 879 272 949 Pinguibus
284 887 312 934 et
323 880 379 932 ficis
391 884 496 948 pastum
504 880 580 948 jecur
591 879 690 932 auseris
702 878 769 932 ube

123 949 161 1004 Et
173 950 291 1020 leporum
303 949 414 1010 evulsos,
426 955 459 1001 ut
470 949 557 1002 multo
569 950 683 1016 suavius,
695 963 788 1015 ermes,

125 1019 212 1084 Quem
224 1019 317 1072 sicum
328 1017 425 1071 lumbis
435 1018 493 1087 quis
505 1017 575 1080 edit3
593 1024 651 1070 tum
663 1025 767 1088 pectore
776 1015 871 1070 adusto
883 1015 918 1067 90

125 1088 248 1141 Vidimus
260 1095 287 1141 et
299 1086 413 1141 merulus
425 1087 488 1157 poni
499 1092 527 1140 et
539 1086 595 1140 sine
607 1087 684 1140 clune
696 1085 848 1157 palumbes3

124 1157 224 1212 Sueves
235 1175 283 1224 res,
296 1157 318 1210 si
330 1174 383 1210 non
395 1173 487 1210 seusus
499 1163 618 1210 nenuret
629 1174 719 1210 esrum
732 1162 759 1209 ei

122 1228 242 1282 Naturae
254 1227 390 1292 dominus3
408 1243 485 1296 quem
497 1243 544 1279 nos
556 1226 593 1280 sie
605 1227 722 1296 fugimus
733 1223 793 1287 ulei,

125 1297 165 1352 Ut
176 1296 244 1350 nihil
256 1297 362 1350 omnine
373 1303 545 1365 gustaremus,
562 1297 633 1350 velut
645 1297 698 1350 illis

126 1367 237 1422 Oenidie
248 1365 362 1421 efflasset
373 1367 446 1436 pejor
457 1365 621 1436 serpentibus
633 1358 729 1420 Afris”
