2014 2810
105 85 158 143 154
429 75 582 133 Horren

104 183 245 237 Inventore
256 182 356 247 minor3
374 199 458 252 neque
470 201 518 251 ego
531 184 572 236 illi
584 183 721 238 denotem
733 182 819 239 ausim

104 252 257 306 Haerentem
269 253 350 321 capiti
363 270 424 306 cum
436 253 522 306 multa
534 253 612 305 laude
624 271 752 308 coronam.

103 321 141 374 At
153 323 210 375 dixi
221 322 302 375 fluere
315 323 386 376 hunc
398 322 569 388 lutulentum,
583 341 651 392 saepe
663 325 792 378 ferentem
863 329 900 379 50

104 390 185 444 Plura
197 393 303 462 quidem
316 393 433 445 tollenda
445 392 632 461 relinquendis.
668 395 731 461 Age,
745 409 840 463 quaeso,

104 461 144 514 uu
157 463 225 514 nihil
238 463 266 514 in
278 479 374 530 magno
387 463 480 515 doctus
491 461 660 530 reprehendis
674 462 806 516 Homero?

104 530 151 584 Nil
162 533 243 584 comis
255 533 349 600 tragici
360 540 449 584 mutet
461 531 578 584 Lucilius
590 532 674 586 Accii

104 599 164 654 Non
176 602 245 654 ridet
257 619 346 655 versus
359 602 430 654 Enni
443 601 574 669 gravitate
586 602 706 669 minores,

106 670 194 734 Quum
207 672 239 723 de
252 689 278 724 se
291 671 409 739 loquitur
421 688 474 723 non
487 677 518 724 ut
529 672 627 739 majore
638 671 785 740 reprensisl

106 740 178 801 Quid
190 747 264 795 vetat
276 749 303 793 et
315 747 416 792 nosmet
429 740 515 792 Lucili
529 741 627 808 scripta
638 741 755 808 legentes

107 810 234 878 Quaerere,
246 827 312 862 num
324 809 404 877 illius,
416 827 481 861 num
493 827 580 862 rerum
593 809 659 863 dura
671 811 776 879 negarit

107 879 254 933 Versiculos
266 886 361 932 natura
373 879 457 946 magis
469 879 552 932 factos
564 885 591 931 et
603 887 696 932 euntes

106 949 221 1015 Mollius‚
234 967 265 1002 ae
277 949 299 1001 si
312 949 371 1017 quis
383 944 492 1018 pedibus
505 949 567 1018 quid
580 949 701 1002 claudere
714 950 790 1018 senis,
997 997 998 1008 ,

107 1019 166 1073 Hoc
177 1025 284 1072 tantum
296 1025 442 1084 contentus,
455 1025 526 1071 amet
538 1019 669 1087 scripsisse
681 1019 807 1072 ducentos
866 1021 903 1073 60
997 1025 998 1094 l

107 1090 179 1142 Ante
191 1089 279 1140 cibum
291 1105 387 1155 versus,
400 1088 511 1142 totidem
523 1095 641 1141 coenatus
651 1088 661 1142 i
675 1089 779 1142 Etrusci
997 1121 998 1128 ι

109 1158 192 1223 Quale
204 1158 257 1211 fuit
269 1158 340 1211 Cassi
353 1159 446 1226 rapido
457 1157 603 1210 ferventius
615 1175 692 1211 amne

108 1228 257 1296 Ingenium,
269 1229 354 1297 capsis
366 1245 444 1296 quem
457 1228 528 1281 fama
541 1234 580 1279 est
592 1245 646 1280 esse
658 1227 784 1297 librisque

108 1298 269 1350 Ambustum
299 1297 398 1366 ropriis.
435 1297 526 1349 Fuerit
538 1297 662 1364 Lucilius,
674 1297 791 1366 inquam,

110 1366 197 1420 Cernis
209 1374 236 1419 et
249 1315 371 1432 urbanus,
384 1366 465 1418 fuerit
477 1367 495 1418 l'
556 1367 562 1378 '
605 1366 675 1419 idem

110 1435 198 1498 Quam
210 1436 283 1488 rudis
295 1443 322 1489 et
335 1435 434 1489 Graecis
445 1436 517 1488 intac
530 1454 541 1488 1
553 1436 676 1488 carminis
688 1442 786 1506 arictor,

110 1507 246 1575 Quamque
258 1508 397 1573 poetarum
409 1506 541 1558 seniorum
553 1505 647 1569 turba;
666 1506 710 1558 sed
723 1506 776 1574 ille,

109 1576 138 1630 Si
149 1577 217 1629 foret
229 1575 278 1628 hoc
290 1584 409 1629 nostrum
421 1576 477 1628 fato
489 1575 588 1628 dilatus
600 1575 628 1628 in
641 1593 735 1644 aerum,

109 1645 246 1699 Detereret
258 1646 306 1698 sibi
318 1646 410 1713 multa,
422 1645 549 1698 recideret
561 1661 637 1698 omne
650 1645 719 1712 quod
732 1645 805 1700 ultra

110 1715 262 1768 Perfectum
274 1715 429 1782 traheretur,
442 1722 469 1767 et
481 1715 510 1767 in
522 1731 599 1767 versu
611 1714 731 1768 faciendo
869 1714 903 1769 70

110 1783 185 1854 Saepe
197 1791 279 1854 caput
291 1785 414 1852 scaberet,
426 1785 539 1870 ert
550 1783 653 1837 roderet
665 1801 774 1852 ungues.

111 1853 185 1922 Saepe
197 1855 288 1908 stilum
299 1857 395 1922 M,
406 1855 502 1907 iterum
514 1871 573 1922 quse
585 1853 666 1922 digna
678 1852 730 1922 legi
743 1854 805 1922 sint,

110 1913 373 1992 Scriptufir'ffi'diie,
386 1930 414 1976 te
426 1931 457 1976 ut
468 1923 580 1976 miretur
591 1923 677 1988 turba,
692 1922 800 1992 labores,

111 1993 256 2046 Contentus
287 1994 359 2046 aucis
371 1993 518 2046 lectoribus.
553 1992 597 2045 An
609 1999 656 2046 tua
668 1993 775 2046 demens

112 2061 215 2116 Vilibus
226 2063 255 2115 in
267 2011 337 2116 iadis
349 2062 444 2116 dictari
457 2063 573 2115 carmina
584 2060 678 2115 malici

110 2131 171 2184 Non
177 2149 240 2200 eg0;
252 2149 315 2185 nam
323 2133 386 2185 satis
393 2139 433 2186 est
440 2131 906 2201 equitemmihiplaudere,utaudax,

113 2200 276 2270 Contemptis
288 2201 354 2269 aliis,
367 2220 399 2254 ex
419 2202 474 2254 losa
485 2201 633 2254 Arbuscula
645 2200 722 2255 dixit.

111 2266 184 2323 Men’
196 2277 300 2323 moveat
312 2221 550 2394 cigrresslntilius,
562 2277 611 2324 aut
623 2271 723 2323 cruciet
735 2270 805 2340 quod

113 2337 225 2390 Vellicet
237 2339 372 2393 absentem
410 2341 540 2406 emetrius,
552 2347 600 2394 aut
613 2340 683 2409 quod
694 2341 801 2409 ineptus

112 2395 231 2460 Fi'n'fitus
243 2408 416 2478 Hermogenis
428 2411 508 2463 laedat
519 2411 630 2463 conviva
641 2409 757 2478 Vigellil
869 2413 906 2462 80

113 2473 217 2528 Plotius
229 2483 256 2528 et
269 2477 371 2545 Varius,
383 2479 513 2533 Moecenas
526 2479 713 2548 virgiliusque,

114 2542 224 2610 Valgius
237 2551 264 2596 et
275 2547 366 2614 probet
379 2549 435 2602 haec
448 2549 573 2602 Octavius
585 2566 600 2601 o
619 2549 700 2601 timus
712 2553 792 2614 atque

115 2611 215 2673 Fuscus
226 2619 253 2667 et
263 2613 321 2668 haec
332 2617 437 2672 utinam
449 2618 587 2673 Viscorum
624 2617 689 2672 udet
700 2618 826 2690 uterquel
