2006 2814
325 75 576 135 EPffiTOLARUM
591 71 619 131 1.
638 80 679 137 10.
849 75 898 134 209

107 179 271 253 Temperiem
283 177 380 236 lauder.
418 181 496 250 Quid,
509 184 530 238 ai
542 182 690 240 rubicunda
701 181 761 240 beni
799 180 807 197 ⁸

108 253 193 306 Coruo
204 271 295 322 vepres
307 261 334 306 et
347 271 432 322 pruna
443 253 547 308 ferenti
566 255 587 308 ei
600 271 709 324 quercui
722 261 748 308 et
763 255 767 266 '
781 271 814 310 ex

106 323 197 377 Multa
209 325 285 392 fruge
298 341 385 393 pecua,
397 323 483 376 multa
495 323 631 378 dominum
639 325 718 392 juvet
731 322 838 378 umbrai
864 325 896 378 iu

106 393 187 447 Dices
199 394 344 448 adductum
357 393 464 463 propius
476 394 596 450 frondere
609 394 758 448 Tarentum.

106 462 177 516 Fons
190 465 268 516 etiam
282 465 338 517 rivo
350 463 412 518 dare
425 481 520 518 nomen
532 464 648 530 idoneus,
660 469 692 518 ut
704 480 752 518 neo

106 533 239 600 Frigidior
252 534 380 586 Thracam
393 551 441 586 nee
453 535 542 604 purior
554 533 653 586 ambiat
666 532 777 600 Hebrus,

106 602 216 655 Infirmo
229 604 310 672 capiti
322 604 382 656 fluit
394 603 474 670 utilis,
489 604 561 656 utilia
573 603 639 656 alvo.

107 672 158 726 Hae
171 673 279 726 latebrae
292 673 387 740 dulces,
399 674 486 740 etiam,
500 674 521 726 ei
534 674 624 740 credis,
637 691 754 740 amoenae,

106 741 270 796 Incolumem
283 744 332 795 tibi
344 761 386 796 me
397 750 525 812 praestant
537 743 570 796 Se
589 743 733 798 tembribua
745 741 822 801 horit.

105 811 146 864 'ru
159 820 229 865 recte
241 813 315 879 vivis,
328 815 350 866 si
363 831 437 866 curas
450 830 503 867 esee
516 762 588 884 (μσς
598 813 680 867 audie.

105 882 245 936 Jactamus
254 885 412 953 jampridem
425 884 508 936 omnis
521 890 547 936 te
560 884 643 936 Roma
655 883 775 948 beatum

106 951 158 1005 Sed
170 969 265 1019 vereor,
277 970 311 1005 ne
324 954 366 1005 cui
378 952 411 1004 de
423 959 450 1005 te
462 953 522 1021 plus
534 969 613 1020 quam
627 953 675 1007 tibi
688 953 784 1021 credre,

105 1021 178 1075 Neve
190 1028 267 1092 putee
280 1022 361 1075 alium
373 1023 491 1091 rapiente
504 1023 620 1090 bonoque
633 1023 752 1088 beatum3
860 1023 895 1078 20

104 1091 173 1159 Neu,
186 1093 207 1143 si
220 1098 247 1144 te
259 1093 370 1161 populus
383 1109 476 1144 sanum
488 1100 609 1160 recteque
621 1093 752 1146 valentem

30 1161 39 1172 '
104 1160 225 1226 Diouem,
237 1163 368 1214 occultam
380 1162 477 1214 febrem
490 1163 538 1214 rub
550 1168 654 1231 tempus
666 1162 760 1216 edendi

104 1230 267 1297 Dissimules‚
281 1232 362 1284 donec
374 1231 494 1285 manibus
507 1238 604 1284 tremor
615 1233 715 1286 incidat
728 1231 822 1288 auctir.

105 1299 252 1353 Stultorum
265 1303 385 1354 incurata
397 1301 481 1370 pudor
492 1301 578 1356 malus
590 1302 678 1356 ulcera
689 1301 765 1357 celae

43 1426 46 1431 ,
104 1369 133 1423 si
146 1370 205 1437 quie
217 1370 286 1424 belle
298 1372 347 1426 tibi
360 1379 429 1426 terra
441 1379 561 1442 pugnata
572 1375 690 1442 marique

105 1441 196 1506 Dicat,
209 1451 236 1496 et
248 1443 289 1495 hie
302 1443 387 1496 uerbis
401 1459 497 1496 vacuae
510 1443 672 1508 permulceat
684 1459 768 1508 auree,

105 1515 121 1540 ‘⁸
130 1512 199 1564 'Pone
210 1513 294 1578 magia
307 1513 408 1565 salvum
421 1513 534 1580 populus
547 1511 619 1579 velit,
629 1530 666 1564 an
679 1512 806 1581 populum
817 1515 857 1582 eu,

107 1579 198 1633 Servat
211 1583 237 1632 in
251 1581 381 1650 ambiguo,
394 1582 441 1650 qui
453 1581 567 1633 consulit
576 1589 603 1633 et
616 1582 664 1634 tibi
676 1588 704 1633 et
715 1581 782 1648 urbi,

106 1649 215 1717 Jupiter
226 1649 249 1713 ;”
268 1652 381 1718 Augusti
393 1651 483 1703 lauder
496 1667 635 1718 agnoscere
646 1650 744 1719 poesie:

104 1718 193 1782 Quum
206 1719 303 1787 peteris
315 1719 418 1788 sapiens
430 1723 636 1786 emendatusque
649 1720 741 1784 vocari,
855 1720 890 1774 ³0

103 1788 287 1856 Respondesne
300 1795 355 1850 tuo,
367 1789 410 1842 dic
422 1789 502 1854 rodes,
514 1787 635 1842 nominet
656 1788 779 1854 “Nempe

103 1857 153 1909 Vir
164 1857 246 1912 bonus
258 1863 285 1909 et
297 1859 411 1927 prudens
423 1858 476 1910 dici
488 1857 602 1910 delector
613 1875 661 1926 ego
672 1873 704 1908 ac
716 1855 769 1908 tu.'’

104 1926 157 1991 Qui
169 1927 242 1979 dedit
254 1927 302 1979 hoc
314 1928 398 1994 hodie,
411 1945 473 1994 crae,
486 1928 508 1980 ei
520 1927 598 1996 volet,
611 1928 718 1991 auferet,
728 1925 792 1979 utri

101 1995 236 2049 Detulerit
248 1997 329 2050 faeces
340 1998 456 2066 indiguo,
468 1998 589 2051 detrahet
601 1998 677 2050 idem.

101 2068 118 2094 “
130 2067 209 2131 Pone,
219 2081 312 2117 meum
324 2065 386 2129 eet,'’
399 2067 495 2134 inquit.
532 2065 615 2132 Porro,
628 2063 764 2132 uiuisque
774 2058 874 2118 raudo.

103 2133 179 2188 Idem
191 2133 213 2184 si
226 2132 321 2186 clamet
332 2132 424 2198 iurem,
437 2135 517 2198 neget
528 2147 582 2184 erre
595 2130 729 2200 pudicum,

103 2202 252 2256 Contendat
264 2202 357 2270 laqueo
369 2201 465 2254 collum
477 2201 599 2269 premiere
609 2207 763 2270 patemumr

102 2273 226 2327 Mordear
238 2271 382 2342 opprobriis
393 2269 466 2323 falsie
477 2277 629 2339 mutemque
640 2268 754 2325 colorati

102 2343 197 2398 Faleue
206 2343 288 2394 houor
293 2343 373 2410 juvet
382 2347 409 2392 et
417 2340 532 2393 mendax
541 2340 651 2394 infamia
659 2345 741 2396 terret
755 2335 846 2408 [quiri
857 2338 892 2390 40

103 2413 188 2477 Quem
200 2413 251 2465 nisi
263 2411 418 2464 mendorum
430 2416 457 2462 et
469 2408 671 2463 medicandum?
690 2409 738 2464 Vir
749 2406 833 2467 bonu!
843 2412 883 2466 ott

104 2483 157 2548 Qui
170 2482 289 2536 consulta
301 2489 414 2552 patrum,
427 2481 473 2549 qui
485 2479 554 2548 legor
563 2481 675 2548 juraque
688 2483 781 2547 servat,

104 2552 162 2617 Quo
174 2552 265 2606 multoe
277 2569 433 2622 magumque
446 2556 567 2604 necantur
575 2549 665 2618 judice
677 2549 745 2616 liter,

104 2622 162 2688 Quo
174 2640 214 2677 rer
227 2641 348 2694 sponsore
360 2629 387 2678 et
399 2639 451 2694 quo
463 2637 547 2676 cauea
559 2625 626 2674 terte
638 2624 770 2674 tenentur.

141 2708 205 2748 nou.
498 2707 514 2744 Ρ

134 2765 142 2784 e
