2014 2810
98 76 151 135 130
411 67 567 122 nonaum

100 179 189 246 Atque
201 175 258 229 haec
270 191 336 241 rara,
348 173 427 227 cadat
439 173 505 224 dura
517 172 587 224 inter
599 185 667 238 saepe
679 166 785 237 pericla.
860 168 898 218 40

102 248 156 301 Hic
168 263 195 298 se
207 245 369 315 praecipitem
382 248 451 296 tecto
464 242 552 304 dedit;
571 240 615 292 ille
628 238 739 306 flagellis

102 317 145 371 Ad
157 323 267 368 mortem
280 332 376 378 caesus;
394 313 499 380 fugiens
512 311 555 363 hic
568 309 665 361 decidit
678 324 765 360 acrem

104 385 261 440 Proedonum
272 384 298 436 in
310 383 413 436 turbam
423 401 429 445 ;
448 381 520 433 dedit
530 381 573 432 hie
583 396 629 447 pro
639 394 744 445 corpore
754 391 874 428 nummos
880 393 889 440 ;

104 456 186 510 Hunc
198 454 399 523 perminxerunt
412 451 529 514 calones;
549 449 613 517 quin
626 448 705 500 etiam
719 445 786 498 illud

104 525 220 591 Accidit,
233 531 265 576 ut
275 523 383 592 quidem
397 527 476 573 testes
489 519 652 585 caudamque
664 516 777 568 salacem

104 595 274 649 Demeterent
287 593 361 645 ferro.
397 591 416 644 J
419 607 463 642 ure
475 606 577 642 omnes:
597 587 680 640 Galba
692 585 812 652 negabat.

106 663 198 717 Tutior
210 671 238 716 at
251 669 350 730 quanto
362 677 436 713 merx
449 660 529 712 estin
542 658 622 710 classe
635 655 756 722 secunda,

106 733 299 787 Libertinarum
314 731 379 796 dico,
392 729 532 782 Sallustius
544 728 572 780 in
585 744 649 796 quas

107 803 167 856 Non
179 803 267 854 miuus
280 801 386 864 insanit,
399 815 478 866 quarn
491 797 537 866 qui
549 797 708 849 moechatur:
727 799 755 847 at
767 793 811 846 hic
823 792 852 858 si,

109 873 166 936 Qua
178 889 226 938 res,
240 887 292 938 qua
303 871 371 922 ratio
384 868 505 920 suaderet
518 884 621 935 quaque
634 866 749 918 modeste
865 863 901 913 50

108 941 235 994 Munifico
248 957 302 992 esse
315 939 385 1005 licet,
399 937 478 990 vellet
490 936 573 989 bonus
586 942 664 1004 etque
677 934 806 1001 benignus

108 1010 179 1078 Esse,
192 1010 267 1062 daret
280 1015 410 1078 quantum
423 1007 487 1059 satis
501 1013 628 1073 essetnec
641 1005 689 1056 sibi
702 1003 798 1055 damno

109 1079 288 1148 Dedecorique
300 1079 374 1131 foret.
411 1076 509 1130 Verum
521 1075 569 1128 hoc
582 1093 609 1128 se
621 1073 789 1192 amplectitur
802 1087 862 1138 uno,

109 1149 167 1203 Hoc
180 1157 251 1202 amat
264 1157 290 1201 et
303 1148 412 1200 laudat:
437 1148 451 1175 “
460 1146 609 1198 Matronam
621 1143 668 1194 nul
680 1159 723 1193 am
735 1158 783 1210 ego
795 1137 904 1210 tango.’

111 1213 149 1266 Ut
161 1213 292 1281 quondam
305 1212 437 1278 Marsaeus,
450 1217 552 1263 ametor
564 1210 678 1278 Originis
691 1210 743 1277 ille,

112 1282 163 1345 Qui
176 1283 292 1351 patrium
304 1282 390 1334 mima
403 1281 484 1333 donet
497 1279 660 1348 fundumque
673 1279 813 1348 laremque,

112 1350 136 1404 N
140 1351 158 1403 il
171 1351 252 1403 fuerit
263 1351 308 1416 mi,
321 1351 415 1418 inquit,
429 1367 489 1402 cum
502 1350 627 1402 uxoribus
639 1367 757 1417 unquam
769 1347 869 1403 alienis.

113 1419 211 1472 Verum
223 1427 262 1472 est
275 1437 334 1472 cum
347 1421 441 1487 mimis,
454 1425 493 1472 est
506 1436 567 1471 cum
578 1418 765 1484 meretricibus,
778 1418 848 1471 unde

113 1489 195 1544 Fama
206 1489 305 1542 malum
319 1489 424 1557 gratim
434 1505 513 1556 quam
524 1506 565 1540 res
578 1489 668 1540 trahit.
687 1489 728 1539 An
738 1488 787 1540 tibi
800 1487 904 1540 abunde

113 1558 254 1613 Personam
267 1559 330 1611 satis
343 1565 389 1624 est,
402 1576 454 1610 non
466 1557 541 1625 illud,
555 1557 683 1626 quidquid
695 1557 792 1627 ubique
870 1559 904 1610 60

114 1629 209 1694 Officit,
222 1628 337 1682 evitaret
356 1627 456 1680 Bonam
468 1626 608 1694 deperdere
620 1627 726 1692 famam,

114 1697 180 1752 Rem
189 1699 270 1767 patris
280 1698 411 1756 oblimare,
420 1696 519 1748 malum
527 1707 566 1749 est
574 1696 730 1765 ubicunque.
746 1697 815 1762 Quid
823 1696 904 1750 inter-

114 1777 154 1819 est
167 1768 194 1819 in
206 1777 332 1834 matrone,
345 1766 442 1819 ancilla
454 1782 578 1834 peccesne
590 1766 697 1834 togatal

115 1835 212 1888 Villius
225 1838 253 1889 in
266 1837 365 1889 Fausta
377 1835 456 1888 Sullae
469 1852 555 1903 gener,
568 1836 617 1888 hoc
629 1837 707 1888 miser
718 1854 772 1890 uno

115 1905 227 1958 Nomine
240 1906 371 1974 deceptus,
384 1922 473 1973 poenas
486 1904 653 1973 deditusque
666 1923 793 1975 superque

116 1976 202 2039 Quam
215 1976 277 2028 estis
290 1983 329 2028 est
342 1975 438 2044 pugnis
451 1991 532 2026 caesus
544 1975 664 2042 ferroque
676 1977 784 2045 petitus,

115 2044 247 2098 Exclusus
259 2045 321 2110 fore,
335 2062 415 2112 quum
429 2044 597 2111 Longarenus
609 2044 676 2097 foret
688 2045 767 2099 intus.

116 2114 189 2168 Huic
201 2115 224 2165 si
235 2115 350 2166 mutonis
363 2114 447 2166 verbis
459 2113 529 2166 mala
541 2121 617 2167 tanta
630 2115 743 2167 videntis

116 2187 222 2242 Diceret
235 2186 291 2240 hsec
303 2188 418 2240 animus:
438 2185 575 2248 “Quidvis
584 2185 650 2238 tibi'l
669 2187 789 2254 nunquid
798 2193 905 2255 egoate

118 2254 220 2321 Magno
233 2263 390 2322 prognatum
402 2252 511 2321 deposco
524 2255 628 2306 consule
641 2273 758 2308 cunnum
872 2260 904 2310 70

119 2323 295 2388 Velatumque
308 2322 381 2388 stola,
394 2339 522 2374 meseum
535 2325 683 2377 conferbuit
695 2327 734 2378 ira
744 2317 769 2378 2²²

121 2390 190 2453 Quid
205 2389 390 2458 responderetl
409 2391 530 2457 “Magno
543 2397 692 2456 petronate
704 2393 793 2460 puella
804 2391 869 2449 est.”

117 2459 154 2510 At
167 2471 265 2524 quanto
277 2457 384 2509 meliora
396 2466 484 2509 monet
496 2460 695 2528 pugnantiaque
707 2463 765 2516 istis

117 2525 198 2580 Dives
210 2525 266 2593 opis
278 2535 373 2578 natura
385 2543 445 2590 sues,
459 2534 489 2577 tu
502 2529 522 2578 si
537 2528 612 2580 modo
625 2539 695 2582 recte

18 2626 23 2635 ›
118 2594 276 2665 Dispensare
289 2594 354 2648 velis
366 2611 396 2648 ac
408 2613 462 2649 non
473 2596 601 2664 fugienda
612 2601 733 2668 petendis
