<?xml version="1.0" encoding="UTF-8"?>
<!DOCTYPE html PUBLIC "-//W3C//DTD XHTML 1.0 Transitional//EN"
    "http://www.w3.org/TR/xhtml1/DTD/xhtml1-transitional.dtd">
<html xmlns="http://www.w3.org/1999/xhtml" xml:lang="en" lang="en">
 <head>
  <title>
</title>
<meta http-equiv="Content-Type" content="text/html;charset=utf-8" />
  <meta name='ocr-system' content='tesseract 3.04.00' />
  <meta name='ocr-capabilities' content='ocr_page ocr_carea ocr_par ocr_line ocrx_word'/>
</head>
<body>
  <div class='ocr_page' id='page_1' title='image "./qhoratiiflaccio04horagoog_0246.png"; bbox 0 0 2006 2814; ppageno 0'>
   <div class='ocr_carea' id='block_1_1' title="bbox 237 3 908 113">
    <p class='ocr_par' dir='ltr' id='par_1_1' title="bbox 237 3 908 113">
     <span class='ocr_line' id='line_1_1' title="bbox 237 3 908 113; baseline 0.007 -5"><span class='ocrx_word' id='word_1_1' title='bbox 237 32 260 75; x_wconf 62' lang='lat'><strong>*¹</strong></span> <span class='ocrx_word' id='word_1_2' title='bbox 280 40 308 85; x_wconf 61' lang='lat' dir='ltr'><strong>„r</strong></span> <span class='ocrx_word' id='word_1_3' title='bbox 341 3 595 110; x_wconf 74' lang='lat' dir='ltr'><strong>nrrsronnnnn</strong></span> <span class='ocrx_word' id='word_1_4' title='bbox 613 56 652 111; x_wconf 90' lang='lat'><strong>11.</strong></span> <span class='ocrx_word' id='word_1_5' title='bbox 670 60 696 110; x_wconf 87' lang='lat'><strong>1.</strong></span> <span class='ocrx_word' id='word_1_6' title='bbox 857 57 908 113; x_wconf 79' lang='lat' dir='ltr'><strong>ese</strong></span> 
     </span>
    </p>
   </div>
   <div class='ocr_carea' id='block_1_2' title="bbox 17 161 987 2388">
    <p class='ocr_par' dir='ltr' id='par_1_2' title="bbox 17 161 987 2388">
     <span class='ocr_line' id='line_1_2' title="bbox 121 161 913 232; baseline -0.008 -14"><span class='ocrx_word' id='word_1_7' title='bbox 121 161 205 218; x_wconf 85' lang='lat' dir='ltr'><strong>Recte</strong></span> <span class='ocrx_word' id='word_1_8' title='bbox 216 164 288 218; x_wconf 83' lang='lat' dir='ltr'><strong>facte</strong></span> <span class='ocrx_word' id='word_1_9' title='bbox 298 164 387 231; x_wconf 87' lang='lat' dir='ltr'><strong>refert,</strong></span> <span class='ocrx_word' id='word_1_10' title='bbox 399 163 511 216; x_wconf 75' lang='lat' dir='ltr'><strong>orientia</strong></span> <span class='ocrx_word' id='word_1_11' title='bbox 523 169 641 232; x_wconf 80' lang='lat' dir='ltr'><strong>tempore</strong></span> <span class='ocrx_word' id='word_1_12' title='bbox 652 161 722 214; x_wconf 87' lang='lat' dir='ltr'><strong>notis</strong></span> <span class='ocrx_word' id='word_1_13' title='bbox 863 163 913 213; x_wconf 82' lang='lat'><strong>130</strong></span> 
     </span>
     <span class='ocr_line' id='line_1_3' title="bbox 121 233 898 310; baseline -0.005 -24"><span class='ocrx_word' id='word_1_14' title='bbox 121 233 235 288; x_wconf 79' lang='lat' dir='ltr'><strong>Instruit</strong></span> <span class='ocrx_word' id='word_1_15' title='bbox 247 234 380 303; x_wconf 85' lang='lat' dir='ltr'><strong>exemplis,</strong></span> <span class='ocrx_word' id='word_1_16' title='bbox 393 234 498 302; x_wconf 84' lang='lat' dir='ltr'><strong>inopem</strong></span> <span class='ocrx_word' id='word_1_17' title='bbox 510 233 609 285; x_wconf 84' lang='lat' dir='ltr'><strong>solatur</strong></span> <span class='ocrx_word' id='word_1_18' title='bbox 621 238 647 284; x_wconf 91' lang='lat' dir='ltr'><strong>et</strong></span> <span class='ocrx_word' id='word_1_19' title='bbox 660 247 766 310; x_wconf 66' lang='lat' dir='ltr'><strong>segfum.</strong></span> <span class='ocrx_word' id='word_1_20' title='bbox 821 268 825 276; x_wconf 83' lang='grc'><em>.</em></span> <span class='ocrx_word' id='word_1_21' title='bbox 894 292 898 301; x_wconf 37' lang='lat'><strong><em>¹</em></strong></span> 
     </span>
     <span class='ocr_line' id='line_1_4' title="bbox 26 299 902 372; baseline -0.005 -18"><span class='ocrx_word' id='word_1_22' title='bbox 26 303 93 370; x_wconf 56' lang='lat' dir='ltr'><strong>eps*</strong></span> <span class='ocrx_word' id='word_1_23' title='bbox 111 303 205 358; x_wconf 59' lang='lat' dir='ltr'><strong>‹Cr-stis</strong></span> <span class='ocrx_word' id='word_1_24' title='bbox 219 321 278 357; x_wconf 90' lang='lat' dir='ltr'><strong>cum</strong></span> <span class='ocrx_word' id='word_1_25' title='bbox 292 303 378 372; x_wconf 89' lang='lat' dir='ltr'><strong>pueris</strong></span> <span class='ocrx_word' id='word_1_26' title='bbox 388 303 480 371; x_wconf 76' lang='lat' dir='ltr'><strong>ignare</strong></span> <span class='ocrx_word' id='word_1_27' title='bbox 492 302 581 371; x_wconf 82' lang='lat' dir='ltr'><strong>puelle</strong></span> <span class='ocrx_word' id='word_1_28' title='bbox 592 301 682 354; x_wconf 79' lang='lat' dir='ltr'><strong>meriti</strong></span> <span class='ocrx_word' id='word_1_29' title='bbox 692 299 817 363; x_wconf 43' lang='lat' dir='ltr'><strong>Mersit</strong></span> <span class='ocrx_word' id='word_1_30' title='bbox 826 305 856 350; x_wconf 60' lang='lat' dir='ltr'><strong>trs</strong></span> <span class='ocrx_word' id='word_1_31' title='bbox 864 306 902 342; x_wconf 69' lang='lat' dir='ltr'><strong>&lt;n</strong></span> 
     </span>
     <span class='ocr_line' id='line_1_5' title="bbox 17 369 803 442; baseline -0.005 -16"><span class='ocrx_word' id='word_1_32' title='bbox 17 370 28 397; x_wconf 87' lang='grc'><strong>·’</strong></span> <span class='ocrx_word' id='word_1_33' title='bbox 119 372 240 426; x_wconf 87' lang='lat' dir='ltr'><strong>Disceret</strong></span> <span class='ocrx_word' id='word_1_34' title='bbox 252 373 321 425; x_wconf 92' lang='lat' dir='ltr'><strong>unde</strong></span> <span class='ocrx_word' id='word_1_35' title='bbox 334 390 430 442; x_wconf 84' lang='lat' dir='ltr'>preces,</span> <span class='ocrx_word' id='word_1_36' title='bbox 443 379 530 425; x_wconf 83' lang='lat' dir='ltr'><strong>vetem</strong></span> <span class='ocrx_word' id='word_1_37' title='bbox 543 373 570 423; x_wconf 92' lang='lat' dir='ltr'><strong>ni</strong></span> <span class='ocrx_word' id='word_1_38' title='bbox 584 371 660 423; x_wconf 82' lang='lat' dir='ltr'><strong>Musa</strong></span> <span class='ocrx_word' id='word_1_39' title='bbox 673 369 803 422; x_wconf 69' lang='lat' dir='ltr'><strong>dedisset?</strong></span> 
     </span>
     <span class='ocr_line' id='line_1_6' title="bbox 119 440 813 511; baseline -0.007 -16"><span class='ocrx_word' id='word_1_40' title='bbox 119 441 208 495; x_wconf 85' lang='lat' dir='ltr'><strong>Poscit</strong></span> <span class='ocrx_word' id='word_1_41' title='bbox 221 459 295 511; x_wconf 90' lang='lat' dir='ltr'><strong>opem</strong></span> <span class='ocrx_word' id='word_1_42' title='bbox 308 442 400 494; x_wconf 89' lang='lat' dir='ltr'><strong>chorus</strong></span> <span class='ocrx_word' id='word_1_43' title='bbox 413 450 440 494; x_wconf 87' lang='lat' dir='ltr'><strong>et</strong></span> <span class='ocrx_word' id='word_1_44' title='bbox 452 443 591 511; x_wconf 82' lang='lat' dir='ltr'><strong>praesentie</strong></span> <span class='ocrx_word' id='word_1_45' title='bbox 603 441 712 492; x_wconf 83' lang='lat' dir='ltr'><strong>numine</strong></span> <span class='ocrx_word' id='word_1_46' title='bbox 725 440 813 509; x_wconf 82' lang='lat' dir='ltr'><strong>sentit,</strong></span> 
     </span>
     <span class='ocr_line' id='line_1_7' title="bbox 119 493 987 580; baseline -0.023 -14"><span class='ocrx_word' id='word_1_47' title='bbox 119 511 242 566; x_wconf 78' lang='lat' dir='ltr'><strong>Ooelestes</strong></span> <span class='ocrx_word' id='word_1_48' title='bbox 254 513 289 563; x_wconf 92' lang='lat' dir='ltr'><strong>im</strong></span> <span class='ocrx_word' id='word_1_49' title='bbox 309 511 377 564; x_wconf 84' lang='lat' dir='ltr'><strong>loret</strong></span> <span class='ocrx_word' id='word_1_50' title='bbox 388 529 469 580; x_wconf 77' lang='lat' dir='ltr'><strong>eques</strong></span> <span class='ocrx_word' id='word_1_51' title='bbox 481 512 558 578; x_wconf 83' lang='lat' dir='ltr'><strong>docte</strong></span> <span class='ocrx_word' id='word_1_52' title='bbox 571 528 646 579; x_wconf 87' lang='lat' dir='ltr'><strong>prece</strong></span> <span class='ocrx_word' id='word_1_53' title='bbox 658 493 841 576; x_wconf 63' lang='lat' dir='ltr'><strong>blanduseul</strong></span> <span class='ocrx_word' id='word_1_54' title='bbox 847 503 945 551; x_wconf 56' lang='lat' dir='ltr'><strong>enm</strong></span> <span class='ocrx_word' id='word_1_55' title='bbox 965 520 987 545; x_wconf 66' lang='grc' dir='ltr'><strong>ι.</strong></span> 
     </span>
     <span class='ocr_line' id='line_1_8' title="bbox 118 529 725 650; baseline -0.007 -16"><span class='ocrx_word' id='word_1_56' title='bbox 118 581 225 635; x_wconf 82' lang='lat' dir='ltr'><strong>Avertit</strong></span> <span class='ocrx_word' id='word_1_57' title='bbox 237 529 345 646; x_wconf 57' lang='lat' dir='ltr'><strong>morbos,</strong></span> <span class='ocrx_word' id='word_1_58' title='bbox 358 581 500 634; x_wconf 87' lang='lat' dir='ltr'><strong>metuenda</strong></span> <span class='ocrx_word' id='word_1_59' title='bbox 513 580 629 650; x_wconf 81' lang='lat' dir='ltr'><strong>pericula</strong></span> <span class='ocrx_word' id='word_1_60' title='bbox 642 579 725 649; x_wconf 83' lang='lat' dir='ltr'><strong>pellit,</strong></span> 
     </span>
     <span class='ocr_line' id='line_1_9' title="bbox 119 649 853 719; baseline -0.001 -16"><span class='ocrx_word' id='word_1_61' title='bbox 119 649 250 719; x_wconf 81' lang='lat' dir='ltr'><strong>Impetrat</strong></span> <span class='ocrx_word' id='word_1_62' title='bbox 262 658 289 703; x_wconf 90' lang='lat' dir='ltr'><strong>et</strong></span> <span class='ocrx_word' id='word_1_63' title='bbox 301 668 392 719; x_wconf 79' lang='lat' dir='ltr'><strong>pacem</strong></span> <span class='ocrx_word' id='word_1_64' title='bbox 405 658 432 703; x_wconf 89' lang='lat' dir='ltr'><strong>et</strong></span> <span class='ocrx_word' id='word_1_65' title='bbox 444 651 600 719; x_wconf 85' lang='lat' dir='ltr'><strong>locupletem</strong></span> <span class='ocrx_word' id='word_1_66' title='bbox 613 649 733 716; x_wconf 84' lang='lat' dir='ltr'><strong>frugibus</strong></span> <span class='ocrx_word' id='word_1_67' title='bbox 746 663 853 702; x_wconf 79' lang='lat' dir='ltr'><strong>annum.</strong></span> 
     </span>
     <span class='ocr_line' id='line_1_10' title="bbox 118 717 789 790; baseline 0 -18"><span class='ocrx_word' id='word_1_68' title='bbox 118 719 240 772; x_wconf 76' lang='lat' dir='ltr'><strong>Carmine</strong></span> <span class='ocrx_word' id='word_1_69' title='bbox 252 720 288 773; x_wconf 89' lang='lat' dir='ltr'><strong>Di</strong></span> <span class='ocrx_word' id='word_1_70' title='bbox 301 720 389 790; x_wconf 88' lang='lat' dir='ltr'><strong>superi</strong></span> <span class='ocrx_word' id='word_1_71' title='bbox 401 721 548 789; x_wconf 86' lang='lat' dir='ltr'><strong>placantur,</strong></span> <span class='ocrx_word' id='word_1_72' title='bbox 561 719 677 772; x_wconf 81' lang='lat' dir='ltr'><strong>carmine</strong></span> <span class='ocrx_word' id='word_1_73' title='bbox 689 717 789 772; x_wconf 76' lang='lat' dir='ltr'><strong>Manes.</strong></span> 
     </span>
     <span class='ocr_line' id='line_1_11' title="bbox 117 789 657 859; baseline -0.002 -17"><span class='ocrx_word' id='word_1_74' title='bbox 117 789 248 858; x_wconf 85' lang='lat' dir='ltr'><strong>Agricolae</strong></span> <span class='ocrx_word' id='word_1_75' title='bbox 261 791 339 859; x_wconf 87' lang='lat' dir='ltr'><strong>prisci</strong></span> <span class='ocrx_word' id='word_1_76' title='bbox 351 792 430 842; x_wconf 82' lang='lat' dir='ltr'><strong>fortes</strong></span> <span class='ocrx_word' id='word_1_77' title='bbox 443 807 573 859; x_wconf 83' lang='lat' dir='ltr'><strong>parvoque</strong></span> <span class='ocrx_word' id='word_1_78' title='bbox 585 789 657 842; x_wconf 80' lang='lat' dir='ltr'><strong>besti</strong></span> 
     </span>
     <span class='ocr_line' id='line_1_12' title="bbox 118 857 908 929; baseline -0.001 -17"><span class='ocrx_word' id='word_1_79' title='bbox 118 858 230 912; x_wconf 80' lang='lat' dir='ltr'><strong>Condita</strong></span> <span class='ocrx_word' id='word_1_80' title='bbox 242 867 301 929; x_wconf 84' lang='lat' dir='ltr'><strong>post</strong></span> <span class='ocrx_word' id='word_1_81' title='bbox 313 860 445 913; x_wconf 84' lang='lat' dir='ltr'><strong>frumenta</strong></span> <span class='ocrx_word' id='word_1_82' title='bbox 458 860 575 912; x_wconf 85' lang='lat' dir='ltr'><strong>levantes</strong></span> <span class='ocrx_word' id='word_1_83' title='bbox 588 866 704 928; x_wconf 86' lang='lat' dir='ltr'><strong>tempore</strong></span> <span class='ocrx_word' id='word_1_84' title='bbox 715 857 782 910; x_wconf 82' lang='lat' dir='ltr'><strong>festo</strong></span> <span class='ocrx_word' id='word_1_85' title='bbox 857 860 908 912; x_wconf 82' lang='lat'><strong>140</strong></span> 
     </span>
     <span class='ocr_line' id='line_1_13' title="bbox 117 927 842 998; baseline 0 -18"><span class='ocrx_word' id='word_1_86' title='bbox 117 927 217 998; x_wconf 82' lang='lat' dir='ltr'><strong>Corpus</strong></span> <span class='ocrx_word' id='word_1_87' title='bbox 229 936 256 981; x_wconf 90' lang='lat' dir='ltr'><strong>et</strong></span> <span class='ocrx_word' id='word_1_88' title='bbox 269 929 355 998; x_wconf 91' lang='lat' dir='ltr'><strong>ipsum</strong></span> <span class='ocrx_word' id='word_1_89' title='bbox 367 930 486 982; x_wconf 78' lang='lat' dir='ltr'><strong>animum</strong></span> <span class='ocrx_word' id='word_1_90' title='bbox 499 947 543 998; x_wconf 90' lang='lat' dir='ltr'><strong>spe</strong></span> <span class='ocrx_word' id='word_1_91' title='bbox 556 930 615 981; x_wconf 87' lang='lat' dir='ltr'><strong>finis</strong></span> <span class='ocrx_word' id='word_1_92' title='bbox 628 930 695 981; x_wconf 83' lang='lat' dir='ltr'><strong>dura</strong></span> <span class='ocrx_word' id='word_1_93' title='bbox 707 929 842 996; x_wconf 84' lang='lat' dir='ltr'><strong>ferentem,</strong></span> 
     </span>
     <span class='ocr_line' id='line_1_14' title="bbox 116 997 735 1067; baseline 0 -17"><span class='ocrx_word' id='word_1_94' title='bbox 116 997 184 1050; x_wconf 81' lang='lat' dir='ltr'><strong>Cum</strong></span> <span class='ocrx_word' id='word_1_95' title='bbox 197 1000 272 1053; x_wconf 75' lang='lat' dir='ltr'><strong>sociis</strong></span> <span class='ocrx_word' id='word_1_96' title='bbox 285 1016 400 1067; x_wconf 69' lang='lat' dir='ltr'><strong>operum,</strong></span> <span class='ocrx_word' id='word_1_97' title='bbox 412 999 500 1067; x_wconf 92' lang='lat' dir='ltr'><strong>pueris</strong></span> <span class='ocrx_word' id='word_1_98' title='bbox 512 1006 539 1051; x_wconf 91' lang='lat' dir='ltr'><strong>et</strong></span> <span class='ocrx_word' id='word_1_99' title='bbox 552 1001 662 1066; x_wconf 85' lang='lat' dir='ltr'><strong>conjuge</strong></span> <span class='ocrx_word' id='word_1_100' title='bbox 674 998 735 1065; x_wconf 81' lang='lat' dir='ltr'><strong>fida,</strong></span> 
     </span>
     <span class='ocr_line' id='line_1_15' title="bbox 116 1066 703 1137; baseline 0.002 -18"><span class='ocrx_word' id='word_1_101' title='bbox 116 1066 247 1121; x_wconf 73' lang='lat' dir='ltr'><strong>Tellurem</strong></span> <span class='ocrx_word' id='word_1_102' title='bbox 260 1084 344 1137; x_wconf 87' lang='lat' dir='ltr'><strong>porco,</strong></span> <span class='ocrx_word' id='word_1_103' title='bbox 358 1068 493 1121; x_wconf 81' lang='lat' dir='ltr'><strong>Silvanum</strong></span> <span class='ocrx_word' id='word_1_104' title='bbox 506 1067 574 1120; x_wconf 82' lang='lat' dir='ltr'><strong>lacte</strong></span> <span class='ocrx_word' id='word_1_105' title='bbox 586 1067 703 1136; x_wconf 78' lang='lat' dir='ltr'><strong>piabunt,</strong></span> 
     </span>
     <span class='ocr_line' id='line_1_16' title="bbox 115 1136 792 1191; baseline 0.001 -2"><span class='ocrx_word' id='word_1_106' title='bbox 115 1136 237 1190; x_wconf 83' lang='lat' dir='ltr'><strong>Floribus</strong></span> <span class='ocrx_word' id='word_1_107' title='bbox 249 1146 276 1190; x_wconf 88' lang='lat' dir='ltr'><strong>et</strong></span> <span class='ocrx_word' id='word_1_108' title='bbox 289 1139 349 1190; x_wconf 87' lang='lat' dir='ltr'><strong>vino</strong></span> <span class='ocrx_word' id='word_1_109' title='bbox 363 1138 474 1191; x_wconf 84' lang='lat' dir='ltr'><strong>Genium</strong></span> <span class='ocrx_word' id='word_1_110' title='bbox 487 1155 627 1189; x_wconf 87' lang='lat' dir='ltr'><strong>memorem</strong></span> <span class='ocrx_word' id='word_1_111' title='bbox 639 1136 723 1189; x_wconf 84' lang='lat' dir='ltr'><strong>brevis</strong></span> <span class='ocrx_word' id='word_1_112' title='bbox 737 1136 792 1190; x_wconf 79' lang='lat' dir='ltr'><strong>aesi.</strong></span> 
     </span>
     <span class='ocr_line' id='line_1_17' title="bbox 115 1205 770 1276; baseline 0 -18"><span class='ocrx_word' id='word_1_113' title='bbox 115 1205 279 1258; x_wconf 80' lang='lat' dir='ltr'><strong>Fescennina</strong></span> <span class='ocrx_word' id='word_1_114' title='bbox 291 1224 337 1276; x_wconf 90' lang='lat' dir='ltr'><strong>per</strong></span> <span class='ocrx_word' id='word_1_115' title='bbox 350 1207 420 1260; x_wconf 87' lang='lat' dir='ltr'><strong>hune</strong></span> <span class='ocrx_word' id='word_1_116' title='bbox 432 1207 541 1259; x_wconf 81' lang='lat' dir='ltr'><strong>invente</strong></span> <span class='ocrx_word' id='word_1_117' title='bbox 553 1207 660 1259; x_wconf 84' lang='lat' dir='ltr'><strong>licentis</strong></span> <span class='ocrx_word' id='word_1_118' title='bbox 672 1223 770 1258; x_wconf 89' lang='lat' dir='ltr'><strong>morem</strong></span> 
     </span>
     <span class='ocr_line' id='line_1_18' title="bbox 115 1275 711 1346; baseline -0.002 -18"><span class='ocrx_word' id='word_1_119' title='bbox 115 1275 240 1328; x_wconf 83' lang='lat' dir='ltr'><strong>Versibus</strong></span> <span class='ocrx_word' id='word_1_120' title='bbox 253 1276 361 1328; x_wconf 85' lang='lat' dir='ltr'><strong>alternis</strong></span> <span class='ocrx_word' id='word_1_121' title='bbox 373 1277 511 1346; x_wconf 81' lang='lat' dir='ltr'><strong>opprobria</strong></span> <span class='ocrx_word' id='word_1_122' title='bbox 522 1277 621 1328; x_wconf 85' lang='lat' dir='ltr'><strong>rustice</strong></span> <span class='ocrx_word' id='word_1_123' title='bbox 633 1276 711 1343; x_wconf 84' lang='lat' dir='ltr'><strong>fudit,</strong></span> 
     </span>
     <span class='ocr_line' id='line_1_19' title="bbox 113 1344 728 1416; baseline 0.002 -18"><span class='ocrx_word' id='word_1_124' title='bbox 113 1344 285 1416; x_wconf 81' lang='lat' dir='ltr'><strong>Libertasquc</strong></span> <span class='ocrx_word' id='word_1_125' title='bbox 297 1356 457 1399; x_wconf 82' lang='lat' dir='ltr'><strong>recurrentes</strong></span> <span class='ocrx_word' id='word_1_126' title='bbox 469 1355 576 1415; x_wconf 83' lang='lat' dir='ltr'><strong>accepte</strong></span> <span class='ocrx_word' id='word_1_127' title='bbox 588 1363 634 1414; x_wconf 86' lang='lat' dir='ltr'><strong>per</strong></span> <span class='ocrx_word' id='word_1_128' title='bbox 646 1362 728 1399; x_wconf 83' lang='lat' dir='ltr'><strong>annos</strong></span> 
     </span>
     <span class='ocr_line' id='line_1_20' title="bbox 112 1414 742 1484; baseline -0.003 -15"><span class='ocrx_word' id='word_1_129' title='bbox 112 1414 191 1469; x_wconf 81' lang='lat' dir='ltr'><strong>Lusit</strong></span> <span class='ocrx_word' id='word_1_130' title='bbox 203 1415 357 1483; x_wconf 77' lang='lat' dir='ltr'><strong>amabiliter,</strong></span> <span class='ocrx_word' id='word_1_131' title='bbox 370 1417 451 1470; x_wconf 87' lang='lat' dir='ltr'><strong>donec</strong></span> <span class='ocrx_word' id='word_1_132' title='bbox 459 1419 517 1484; x_wconf 82' lang='lat' dir='ltr'><strong>jam</strong></span> <span class='ocrx_word' id='word_1_133' title='bbox 529 1433 612 1468; x_wconf 84' lang='lat' dir='ltr'><strong>saevus</strong></span> <span class='ocrx_word' id='word_1_134' title='bbox 624 1429 742 1484; x_wconf 82' lang='lat' dir='ltr'><strong>apertam</strong></span> 
     </span>
     <span class='ocr_line' id='line_1_21' title="bbox 113 1483 745 1554; baseline -0.005 -16"><span class='ocrx_word' id='word_1_135' title='bbox 113 1483 148 1538; x_wconf 91' lang='lat' dir='ltr'><strong>In</strong></span> <span class='ocrx_word' id='word_1_136' title='bbox 160 1485 258 1537; x_wconf 83' lang='lat' dir='ltr'><strong>rabiem</strong></span> <span class='ocrx_word' id='word_1_137' title='bbox 272 1486 351 1554; x_wconf 81' lang='lat' dir='ltr'><strong>coepit</strong></span> <span class='ocrx_word' id='word_1_138' title='bbox 363 1487 430 1538; x_wconf 89' lang='lat' dir='ltr'><strong>verti</strong></span> <span class='ocrx_word' id='word_1_139' title='bbox 439 1489 514 1553; x_wconf 86' lang='lat' dir='ltr'><strong>jocus</strong></span> <span class='ocrx_word' id='word_1_140' title='bbox 527 1492 553 1538; x_wconf 91' lang='lat' dir='ltr'><strong>et</strong></span> <span class='ocrx_word' id='word_1_141' title='bbox 565 1503 612 1554; x_wconf 84' lang='lat' dir='ltr'><strong>per</strong></span> <span class='ocrx_word' id='word_1_142' title='bbox 623 1485 745 1537; x_wconf 84' lang='lat' dir='ltr'><strong>honestas</strong></span> 
     </span>
     <span class='ocr_line' id='line_1_22' title="bbox 22 1553 903 1626; baseline -0.001 -18"><span class='ocrx_word' id='word_1_143' title='bbox 22 1553 156 1626; x_wconf 40' lang='lat' dir='ltr'><strong>&amp;Ire</strong></span> <span class='ocrx_word' id='word_1_144' title='bbox 168 1555 257 1608; x_wconf 88' lang='lat' dir='ltr'><strong>domos</strong></span> <span class='ocrx_word' id='word_1_145' title='bbox 268 1555 376 1622; x_wconf 88' lang='lat' dir='ltr'><strong>impune</strong></span> <span class='ocrx_word' id='word_1_146' title='bbox 388 1556 486 1607; x_wconf 83' lang='lat' dir='ltr'><strong>minsx.</strong></span> <span class='ocrx_word' id='word_1_147' title='bbox 496 1554 633 1618; x_wconf 71' lang='lat' dir='ltr'><strong>uDoluere</strong></span> <span class='ocrx_word' id='word_1_148' title='bbox 645 1559 753 1606; x_wconf 85' lang='lat' dir='ltr'><strong>cruento</strong></span> <span class='ocrx_word' id='word_1_149' title='bbox 854 1558 903 1608; x_wconf 84' lang='lat'><strong>150</strong></span> 
     </span>
     <span class='ocr_line' id='line_1_23' title="bbox 112 1623 721 1691; baseline -0.002 -15"><span class='ocrx_word' id='word_1_150' title='bbox 112 1623 199 1676; x_wconf 86' lang='lat' dir='ltr'><strong>Dente</strong></span> <span class='ocrx_word' id='word_1_151' title='bbox 212 1625 339 1688; x_wconf 84' lang='lat' dir='ltr'><strong>lacessiti3</strong></span> <span class='ocrx_word' id='word_1_152' title='bbox 358 1625 410 1676; x_wconf 85' lang='lat' dir='ltr'><strong>luit</strong></span> <span class='ocrx_word' id='word_1_153' title='bbox 423 1625 530 1676; x_wconf 83' lang='lat' dir='ltr'><strong>intectis</strong></span> <span class='ocrx_word' id='word_1_154' title='bbox 543 1640 645 1691; x_wconf 83' lang='lat' dir='ltr'><strong>quoque</strong></span> <span class='ocrx_word' id='word_1_155' title='bbox 658 1640 721 1675; x_wconf 83' lang='lat' dir='ltr'><strong>curs</strong></span> 
     </span>
     <span class='ocr_line' id='line_1_24' title="bbox 113 1692 751 1761; baseline -0.002 -15"><span class='ocrx_word' id='word_1_156' title='bbox 113 1694 268 1746; x_wconf 84' lang='lat' dir='ltr'><strong>Conditione</strong></span> <span class='ocrx_word' id='word_1_157' title='bbox 281 1711 358 1761; x_wconf 88' lang='lat' dir='ltr'><strong>super</strong></span> <span class='ocrx_word' id='word_1_158' title='bbox 371 1693 518 1752; x_wconf 84' lang='lat' dir='ltr'><strong>communi;</strong></span> <span class='ocrx_word' id='word_1_159' title='bbox 537 1693 601 1760; x_wconf 87' lang='lat' dir='ltr'><strong>quin</strong></span> <span class='ocrx_word' id='word_1_160' title='bbox 614 1693 693 1744; x_wconf 83' lang='lat' dir='ltr'><strong>etiem</strong></span> <span class='ocrx_word' id='word_1_161' title='bbox 707 1692 751 1745; x_wconf 86' lang='lat' dir='ltr'><strong>lex</strong></span> 
     </span>
     <span class='ocr_line' id='line_1_25' title="bbox 111 1761 863 1832; baseline 0.003 -18"><span class='ocrx_word' id='word_1_162' title='bbox 111 1761 246 1832; x_wconf 86' lang='lat' dir='ltr'><strong>Poensque</strong></span> <span class='ocrx_word' id='word_1_163' title='bbox 258 1763 320 1828; x_wconf 76' lang='lat' dir='ltr'><strong>lete,</strong></span> <span class='ocrx_word' id='word_1_164' title='bbox 332 1762 401 1814; x_wconf 84' lang='lat' dir='ltr'><strong>melo</strong></span> <span class='ocrx_word' id='word_1_165' title='bbox 414 1780 472 1829; x_wconf 74' lang='lat' dir='ltr'><strong>quae</strong></span> <span class='ocrx_word' id='word_1_166' title='bbox 485 1761 567 1814; x_wconf 89' lang='lat' dir='ltr'><strong>nollet</strong></span> <span class='ocrx_word' id='word_1_167' title='bbox 579 1762 693 1814; x_wconf 76' lang='lat' dir='ltr'><strong>carmine</strong></span> <span class='ocrx_word' id='word_1_168' title='bbox 706 1779 863 1832; x_wconf 76' lang='lat' dir='ltr'><strong>quemquem</strong></span> 
     </span>
     <span class='ocr_line' id='line_1_26' title="bbox 111 1831 731 1898; baseline -0.003 -13"><span class='ocrx_word' id='word_1_169' title='bbox 111 1831 245 1896; x_wconf 87' lang='lat' dir='ltr'><strong>Describi;</strong></span> <span class='ocrx_word' id='word_1_170' title='bbox 265 1841 364 1884; x_wconf 88' lang='lat' dir='ltr'><strong>vertere</strong></span> <span class='ocrx_word' id='word_1_171' title='bbox 376 1832 490 1898; x_wconf 89' lang='lat' dir='ltr'><strong>modum,</strong></span> <span class='ocrx_word' id='word_1_172' title='bbox 503 1832 642 1882; x_wconf 83' lang='lat' dir='ltr'><strong>formidine</strong></span> <span class='ocrx_word' id='word_1_173' title='bbox 654 1831 731 1883; x_wconf 83' lang='lat' dir='ltr'><strong>fustis</strong></span> 
     </span>
     <span class='ocr_line' id='line_1_27' title="bbox 111 1900 753 1969; baseline 0.002 -16"><span class='ocrx_word' id='word_1_174' title='bbox 111 1901 154 1953; x_wconf 83' lang='lat' dir='ltr'><strong>Ad</strong></span> <span class='ocrx_word' id='word_1_175' title='bbox 168 1900 385 1954; x_wconf 86' lang='lat' dir='ltr'><strong>benedicendum</strong></span> <span class='ocrx_word' id='word_1_176' title='bbox 399 1901 634 1969; x_wconf 79' lang='lat' dir='ltr'><strong>delectandumque</strong></span> <span class='ocrx_word' id='word_1_177' title='bbox 646 1901 753 1955; x_wconf 81' lang='lat' dir='ltr'><strong>redacti.</strong></span> 
     </span>
     <span class='ocr_line' id='line_1_28' title="bbox 113 1971 749 2038; baseline 0.003 -16"><span class='ocrx_word' id='word_1_178' title='bbox 113 1971 213 2022; x_wconf 81' lang='lat' dir='ltr'><strong>Graecia</strong></span> <span class='ocrx_word' id='word_1_179' title='bbox 225 1979 304 2038; x_wconf 80' lang='lat' dir='ltr'><strong>cepte</strong></span> <span class='ocrx_word' id='word_1_180' title='bbox 315 1971 401 2022; x_wconf 83' lang='lat' dir='ltr'><strong>ferum</strong></span> <span class='ocrx_word' id='word_1_181' title='bbox 413 1971 537 2022; x_wconf 85' lang='lat' dir='ltr'><strong>victorem</strong></span> <span class='ocrx_word' id='word_1_182' title='bbox 551 1971 629 2038; x_wconf 88' lang='lat' dir='ltr'><strong>cepit.</strong></span> <span class='ocrx_word' id='word_1_183' title='bbox 641 1977 669 2023; x_wconf 89' lang='lat' dir='ltr'><strong>et</strong></span> <span class='ocrx_word' id='word_1_184' title='bbox 680 1979 749 2024; x_wconf 83' lang='lat' dir='ltr'><strong>ertes</strong></span> 
     </span>
     <span class='ocr_line' id='line_1_29' title="bbox 112 2038 666 2107; baseline 0 -15"><span class='ocrx_word' id='word_1_185' title='bbox 112 2038 210 2092; x_wconf 84' lang='lat' dir='ltr'><strong>Intulit</strong></span> <span class='ocrx_word' id='word_1_186' title='bbox 222 2040 319 2107; x_wconf 80' lang='lat' dir='ltr'><strong>agresti</strong></span> <span class='ocrx_word' id='word_1_187' title='bbox 332 2040 422 2102; x_wconf 77' lang='lat' dir='ltr'><strong>Luti03</strong></span> <span class='ocrx_word' id='word_1_188' title='bbox 440 2042 477 2091; x_wconf 91' lang='lat' dir='ltr'><strong>sic</strong></span> <span class='ocrx_word' id='word_1_189' title='bbox 489 2040 609 2092; x_wconf 88' lang='lat' dir='ltr'><strong>horridus</strong></span> <span class='ocrx_word' id='word_1_190' title='bbox 621 2040 666 2092; x_wconf 88' lang='lat' dir='ltr'><strong>ills</strong></span> 
     </span>
     <span class='ocr_line' id='line_1_30' title="bbox 110 2108 741 2178; baseline 0.002 -17"><span class='ocrx_word' id='word_1_191' title='bbox 110 2108 230 2161; x_wconf 81' lang='lat' dir='ltr'><strong>Deduxit</strong></span> <span class='ocrx_word' id='word_1_192' title='bbox 243 2126 366 2162; x_wconf 89' lang='lat' dir='ltr'><strong>numerus</strong></span> <span class='ocrx_word' id='word_1_193' title='bbox 379 2109 525 2174; x_wconf 81' lang='lat' dir='ltr'><strong>Saturnius,</strong></span> <span class='ocrx_word' id='word_1_194' title='bbox 537 2121 564 2162; x_wconf 86' lang='lat' dir='ltr'><strong>et</strong></span> <span class='ocrx_word' id='word_1_195' title='bbox 576 2127 656 2178; x_wconf 81' lang='lat' dir='ltr'><strong>greve</strong></span> <span class='ocrx_word' id='word_1_196' title='bbox 669 2109 741 2162; x_wconf 90' lang='lat' dir='ltr'><strong>virus</strong></span> 
     </span>
     <span class='ocr_line' id='line_1_31' title="bbox 110 2175 826 2247; baseline 0.004 -16"><span class='ocrx_word' id='word_1_197' title='bbox 110 2175 252 2247; x_wconf 74' lang='lat' dir='ltr'><strong>Munditise</strong></span> <span class='ocrx_word' id='word_1_198' title='bbox 266 2179 402 2247; x_wconf 84' lang='lat' dir='ltr'><strong>pepulere;</strong></span> <span class='ocrx_word' id='word_1_199' title='bbox 421 2179 465 2230; x_wconf 86' lang='lat' dir='ltr'><strong>sed</strong></span> <span class='ocrx_word' id='word_1_200' title='bbox 478 2179 506 2230; x_wconf 92' lang='lat' dir='ltr'><strong>in</strong></span> <span class='ocrx_word' id='word_1_201' title='bbox 518 2179 625 2247; x_wconf 83' lang='lat' dir='ltr'><strong>longum</strong></span> <span class='ocrx_word' id='word_1_202' title='bbox 638 2187 725 2232; x_wconf 83' lang='lat' dir='ltr'><strong>tamen</strong></span> <span class='ocrx_word' id='word_1_203' title='bbox 739 2197 826 2234; x_wconf 82' lang='lat' dir='ltr'><strong>aevum</strong></span> 
     </span>
     <span class='ocr_line' id='line_1_32' title="bbox 110 2243 899 2317; baseline 0.008 -17"><span class='ocrx_word' id='word_1_204' title='bbox 110 2247 268 2300; x_wconf 83' lang='lat' dir='ltr'><strong>Menseruut</strong></span> <span class='ocrx_word' id='word_1_205' title='bbox 280 2243 408 2316; x_wconf 76' lang='lat' dir='ltr'><strong>hodieque</strong></span> <span class='ocrx_word' id='word_1_206' title='bbox 421 2257 530 2301; x_wconf 77' lang='lat' dir='ltr'><strong>manent</strong></span> <span class='ocrx_word' id='word_1_207' title='bbox 542 2251 652 2317; x_wconf 75' lang='lat' dir='ltr'><strong>vestigia</strong></span> <span class='ocrx_word' id='word_1_208' title='bbox 664 2250 754 2303; x_wconf 81' lang='lat' dir='ltr'><strong>ruris.-</strong></span> <span class='ocrx_word' id='word_1_209' title='bbox 773 2281 778 2295; x_wconf 72' lang='grc' dir='ltr'>ι</span> <span class='ocrx_word' id='word_1_210' title='bbox 848 2255 899 2306; x_wconf 83' lang='grc'><strong>160</strong></span> 
     </span>
     <span class='ocr_line' id='line_1_33' title="bbox 110 2315 759 2388; baseline 0.002 -18"><span class='ocrx_word' id='word_1_211' title='bbox 110 2315 188 2370; x_wconf 82' lang='lat' dir='ltr'><strong>Serus</strong></span> <span class='ocrx_word' id='word_1_212' title='bbox 200 2317 270 2370; x_wconf 88' lang='lat' dir='ltr'><strong>euim</strong></span> <span class='ocrx_word' id='word_1_213' title='bbox 284 2317 379 2369; x_wconf 84' lang='lat' dir='ltr'><strong>Graecis</strong></span> <span class='ocrx_word' id='word_1_214' title='bbox 391 2317 508 2370; x_wconf 81' lang='lat' dir='ltr'><strong>admovit</strong></span> <span class='ocrx_word' id='word_1_215' title='bbox 520 2321 642 2372; x_wconf 82' lang='lat' dir='ltr'><strong>acumine</strong></span> <span class='ocrx_word' id='word_1_216' title='bbox 654 2320 759 2388; x_wconf 73' lang='lat' dir='ltr'><strong>chartis,</strong></span> 
     </span>
    </p>
   </div>
   <div class='ocr_carea' id='block_1_3' title="bbox 108 2386 751 2510">
    <p class='ocr_par' dir='ltr' id='par_1_3' title="bbox 108 2386 751 2510">
     <span class='ocr_line' id='line_1_34' title="bbox 108 2386 751 2510; baseline 0.003 -70"><span class='ocrx_word' id='word_1_217' title='bbox 108 2386 145 2440; x_wconf 82' lang='lat' dir='ltr'><strong>Et</strong></span> <span class='ocrx_word' id='word_1_218' title='bbox 157 2397 215 2456; x_wconf 90' lang='lat' dir='ltr'><strong>post</strong></span> <span class='ocrx_word' id='word_1_219' title='bbox 229 2388 330 2438; x_wconf 83' lang='lat' dir='ltr'><strong>Punica</strong></span> <span class='ocrx_word' id='word_1_220' title='bbox 342 2387 409 2439; x_wconf 85' lang='lat' dir='ltr'><strong>belle</strong></span> <span class='ocrx_word' id='word_1_221' title='bbox 421 2389 527 2456; x_wconf 88' lang='lat' dir='ltr'><strong>quietus</strong></span> <span class='ocrx_word' id='word_1_222' title='bbox 538 2405 653 2510; x_wconf 49' lang='lat' dir='ltr'><strong>ppaerere</strong></span> <span class='ocrx_word' id='word_1_223' title='bbox 666 2391 751 2458; x_wconf 87' lang='lat' dir='ltr'><strong>coepit,</strong></span> 
     </span>
    </p>
   </div>
   <div class='ocr_carea' id='block_1_4' title="bbox 108 2455 873 2666">
    <p class='ocr_par' dir='ltr' id='par_1_4' title="bbox 108 2455 873 2666">
     <span class='ocr_line' id='line_1_35' title="bbox 110 2455 873 2526; baseline 0.008 -17"><span class='ocrx_word' id='word_1_224' title='bbox 110 2457 178 2520; x_wconf 88' lang='lat' dir='ltr'><strong>Quid</strong></span> <span class='ocrx_word' id='word_1_225' title='bbox 191 2455 329 2525; x_wconf 85' lang='lat' dir='ltr'><strong>Sophocles</strong></span> <span class='ocrx_word' id='word_1_226' title='bbox 342 2464 368 2510; x_wconf 87' lang='lat' dir='ltr'><strong>et</strong></span> <span class='ocrx_word' id='word_1_227' title='bbox 380 2456 488 2525; x_wconf 81' lang='lat' dir='ltr'><strong>Thespis</strong></span> <span class='ocrx_word' id='word_1_228' title='bbox 500 2464 526 2510; x_wconf 92' lang='lat' dir='ltr'><strong>et</strong></span> <span class='ocrx_word' id='word_1_229' title='bbox 574 2458 679 2526; x_wconf 81' lang='lat' dir='ltr'><strong>schylus</strong></span> <span class='ocrx_word' id='word_1_230' title='bbox 692 2460 756 2513; x_wconf 88' lang='lat' dir='ltr'><strong>utils</strong></span> <span class='ocrx_word' id='word_1_231' title='bbox 768 2460 873 2516; x_wconf 84' lang='lat' dir='ltr'><strong>ferrent.</strong></span> 
     </span>
     <span class='ocr_line' id='line_1_36' title="bbox 108 2526 761 2598; baseline 0.005 -18"><span class='ocrx_word' id='word_1_232' title='bbox 108 2526 231 2580; x_wconf 60' lang='lat' dir='ltr'><strong>lentavit</strong></span> <span class='ocrx_word' id='word_1_233' title='bbox 244 2543 346 2595; x_wconf 79' lang='lat' dir='ltr'><strong>quoque</strong></span> <span class='ocrx_word' id='word_1_234' title='bbox 358 2545 420 2595; x_wconf 88' lang='lat' dir='ltr'><strong>rem,</strong></span> <span class='ocrx_word' id='word_1_235' title='bbox 433 2529 454 2580; x_wconf 91' lang='lat' dir='ltr'><strong>si</strong></span> <span class='ocrx_word' id='word_1_236' title='bbox 466 2528 545 2596; x_wconf 84' lang='lat' dir='ltr'><strong>digne</strong></span> <span class='ocrx_word' id='word_1_237' title='bbox 557 2539 656 2580; x_wconf 86' lang='lat' dir='ltr'><strong>vertere</strong></span> <span class='ocrx_word' id='word_1_238' title='bbox 669 2537 761 2598; x_wconf 87' lang='lat' dir='ltr'><strong>posset,</strong></span> 
     </span>
     <span class='ocr_line' id='line_1_37' title="bbox 110 2595 689 2666; baseline 0.003 -17"><span class='ocrx_word' id='word_1_239' title='bbox 110 2595 144 2650; x_wconf 85' lang='lat' dir='ltr'><strong>Et</strong></span> <span class='ocrx_word' id='word_1_240' title='bbox 156 2597 257 2666; x_wconf 78' lang='lat' dir='ltr'><strong>plecrdt</strong></span> <span class='ocrx_word' id='word_1_241' title='bbox 268 2597 326 2665; x_wconf 88' lang='lat' dir='ltr'><strong>sibi,</strong></span> <span class='ocrx_word' id='word_1_242' title='bbox 338 2605 434 2654; x_wconf 77' lang='lat' dir='ltr'><strong>nesure</strong></span> <span class='ocrx_word' id='word_1_243' title='bbox 445 2597 564 2654; x_wconf 83' lang='lat' dir='ltr'><strong>sublimis</strong></span> <span class='ocrx_word' id='word_1_244' title='bbox 576 2606 603 2653; x_wconf 88' lang='lat' dir='ltr'><strong>et</strong></span> <span class='ocrx_word' id='word_1_245' title='bbox 615 2615 689 2664; x_wconf 57' lang='lat' dir='ltr'><strong>ecem</strong></span> 
     </span>
    </p>
   </div>
   <div class='ocr_carea' id='block_1_5' title="bbox 0 0 1008 2814">
    <p class='ocr_par' dir='ltr' id='par_1_5' title="bbox 0 0 1008 2814">
     <span class='ocr_line' id='line_1_38' title="bbox 0 0 1008 2814; baseline 0 4"><span class='ocrx_word' id='word_1_246' title='bbox 0 0 1008 2814; x_wconf 95' lang='lat' dir='ltr'><strong> </strong></span> 
     </span>
    </p>
   </div>
  </div>
 </body>
</html>
