2006 2814
297 107 594 168 aristonicum-1.
613 115 653 168 18.
818 110 876 168 ἥδ’

76 209 188 262 Munere
200 212 228 261 te
240 225 322 277 parvo
334 208 394 260 beet
406 215 453 261 aut
466 206 645 260 incommodus
657 210 746 275 angat.
811 249 812 254 ,

76 279 190 340 Qualem
199 278 371 344 commendes,
380 278 460 330 etiam
470 287 549 346 atque
557 277 637 329 etiam
644 277 757 346 adspice,
764 293 798 330 ne
806 293 869 330 mox

76 349 215 401 Incutiant
226 347 314 400 aliena
325 347 374 399 tibi
387 355 495 417 peccata
507 347 640 415 pudorem.

76 417 206 470 Fallimur
217 424 245 470 et
257 417 389 486 quondam
403 435 454 469 non
467 418 578 484 dignum
591 415 732 469 tradimus:
751 433 812 486 ergo

76 487 163 548 Quem
176 505 224 540 sna
235 486 314 555 culpa
327 495 433 556 premet,
447 487 572 556 deceptus
584 487 676 539 omitte
689 487 765 554 tueri,

76 557 114 609 Ut
127 558 233 626 penitus
245 565 345 622 notum,
359 557 397 608 sir
409 564 514 609 tentent
527 557 644 623 crimina,
657 573 742 609 serves
834 558 869 608 80

76 626 232 694 nouusque
244 633 290 678 tuo
303 626 427 678 fidentem
439 626 575 696 praesidi03
594 625 640 695 qui

75 695 163 749 Dente
175 696 309 748 Theonino
321 713 404 764 quum
417 695 624 759 circumditur,
637 694 730 764 ecquid

75 764 118 818 Ad
132 774 159 818 te
171 773 230 833 post
243 765 330 834 paullo
344 773 455 818 ventura
467 766 584 835 pericula
597 765 695 818 sentisl

75 834 145 888 Nam
159 843 205 887 tua
216 852 257 886 res
269 834 365 902 agitur,
377 836 462 904 paries
475 853 558 904 quum
570 835 705 904 proximus
716 833 799 902 ardet,

75 905 112 957 Et
125 904 244 972 neglecta
257 905 340 956 solent
352 905 474 957 incendia
487 922 588 957 sumere
600 906 674 959 vires.

74 973 168 1028 Dulcis
180 974 324 1044 inexpertis
336 975 440 1026 cultura
451 975 567 1042 potentis
579 975 671 1028 amici:

74 1044 209 1112 Expertus
221 1045 323 1096 metuit.
359 1043 407 1111 Tu,
419 1044 482 1096 dum
495 1051 542 1096 tua
554 1044 628 1095 navis
641 1045 668 1096 in
681 1044 736 1098 alto
748 1049 796 1114 est,

76 1113 135 1166 Hoc
147 1131 203 1181 age,
216 1131 250 1165 ne
261 1119 367 1166 mutata
378 1121 521 1165 retrorsum
533 1120 560 1166 te
572 1114 640 1166 ferat
652 1131 724 1168 aura.

76 1183 197 1236 Oderunt
209 1183 319 1235 hilarem
332 1183 420 1235 tristes
432 1183 586 1252 tristemque
594 1184 685 1250 jocosi,

76 1251 204 1304 sedatum
216 1253 318 1320 celeres,
331 1252 427 1320 agilem
440 1269 609 1320 gnavumque
621 1253 729 1322 remissi,
834 1255 868 1304 90

75 1322 183 1375 Potores
197 1319 295 1389 [bibuli
306 1321 393 1374 media
404 1321 435 1375 dr
447 1331 517 1374 nocte
529 1321 642 1376 Falerni

78 1391 209 1461 Oderunt]
223 1398 343 1460 porrecta
354 1399 493 1460 negantem
507 1391 609 1460 pocula,
622 1391 742 1462 quamvis

75 1460 101 1514 N
103 1470 224 1514 octurnos
233 1462 306 1528 jures
319 1469 345 1514 te
357 1462 497 1514 formidare
509 1479 624 1532 vapores.

75 1531 159 1585 Deme
172 1531 309 1600 supercilio
322 1531 432 1596 nul-em3
451 1532 606 1600 plerumque
617 1532 750 1586 modestus

76 1600 195 1670 Occupat
208 1599 310 1652 obscuri
323 1602 442 1669 speciem,
455 1601 603 1652 taciturnus
615 1601 708 1654 acerbi

76 1669 151 1723 Inter
163 1678 260 1723 cuncta
271 1669 341 1738 leges
354 1678 380 1722 et
393 1668 576 1738 percontabere
589 1669 686 1736 doctos,

76 1738 136 1803 Qua
147 1739 248 1792 ratione
261 1756 340 1806 queas
352 1739 489 1791 traducere
501 1738 596 1791 leniter
608 1755 709 1804 aevum;

74 1808 101 1862 N
105 1825 147 1860 um
160 1814 187 1861 te
199 1825 301 1876 semper
313 1808 387 1876 inops
400 1808 484 1875 agitet
496 1816 626 1874 vexetque
638 1807 741 1877 cupido,

76 1877 150 1932 Num
162 1895 244 1947 pavor
256 1885 283 1930 et
294 1895 382 1929 rerum
394 1877 559 1929 mediocriter
572 1875 678 1929 utilium
690 1894 756 1947 spes,

76 1947 212 2000 Virtutem
225 1947 344 1999 doctrina
356 1953 437 2016 paret,
449 1954 579 1999 naturane
591 1946 678 2014 donet,
818 1947 868 1999 100

78 2017 149 2082 Quid
162 2019 265 2069 minuat
277 2033 359 2084 ouras,
372 2017 435 2085 quid
448 2026 474 2068 te
487 2015 536 2068 tibi
548 2015 641 2068 reddat
652 2015 776 2084 amicum,

78 2085 149 2151 Quid
161 2103 226 2154 pure
239 2087 400 2154 tranquillet,
413 2086 494 2138 honos
506 2103 541 2137 an
553 2086 630 2138 dulce
642 2085 775 2154 lucellum,

76 2157 122 2210 An
135 2165 263 2208 secretum
277 2157 327 2208 iter
339 2164 366 2208 et
378 2155 495 2208 fallentis
508 2155 600 2208 semita
612 2155 681 2209 vita.

78 2225 127 2278 Me
140 2225 241 2294 quoties
253 2224 337 2277 reficit
350 2225 452 2292 gelidus
464 2224 590 2292 Digentia
601 2225 680 2292 rivus,

78 2295 164 2360 Quem
176 2294 301 2347 Mandela
313 2293 388 2362 bibit,
400 2311 509 2362 rugosus
521 2295 617 2362 frigore
630 2311 721 2364 pagus,
810 2327 815 2338 ·

79 2364 149 2429 Quid
162 2365 257 2417 sentire
270 2363 365 2433 putesl
384 2364 447 2432 quid
460 2363 550 2430 credis,
563 2365 652 2432 amice,
666 2363 784 2434 precarii

78 2433 121 2490 Sit
132 2434 206 2499 mihi,
220 2435 289 2504 quod
302 2451 372 2486 nunc
385 2440 432 2502 est,
444 2435 524 2486 etiam
537 2433 640 2498 minum
658 2442 685 2486 et
697 2434 762 2486 mihi
775 2432 864 2489 vivam

80 2504 154 2569 Quod
168 2513 285 2574 superest
298 2505 355 2571 sevi,
368 2504 389 2556 si
402 2504 465 2573 quid
478 2521 610 2573 superesse
622 2505 716 2557 volunt
728 2503 764 2556 Di
771 2521 780 2570 ;

79 2574 123 2631 Sit
133 2571 201 2629 bona
212 2575 339 2630 librorum
351 2581 379 2630 et
390 2576 498 2645 provisa
510 2573 593 2642 frugis
605 2574 635 2628 in
646 2590 747 2628 annum

395 2669 499 2707 cretam.
527 2663 550 2703 st
