2014 2810
302 105 514 159 sinistrum
533 104 573 158 11.
592 108 617 173 2,
634 108 660 160 e.
825 110 876 167 ies

87 201 166 258 Irstis
177 210 257 258 notus
269 206 354 275 peries
366 206 416 260 Dis
428 213 508 276 etque
520 209 612 278 po‘etis.

86 273 169 342 Atqui
182 274 271 328 vultus
284 282 340 329 erut
351 277 437 330 multu
449 284 477 330 et
489 279 615 348 praecluru
625 280 759 350 minentis,

85 342 113 394 Si
126 361 238 396 vacuum
251 346 339 414 tepido
352 348 462 415 cepisset
475 348 567 402 villule
579 362 656 402 teoto.
842 356 875 406 10

86 411 214 475 Quorsum
245 416 356 468 ertinuit
368 417 465 486 stipere
478 418 590 471 Plutone
602 418 754 486 Menandro,

85 480 206 550 Eupolin,
219 431 411 550 drchilochum,
424 487 531 540 comites
543 488 653 542 educere
665 490 770 544 tentosl

84 549 216 603 Invidiam
229 551 332 622 placare
344 572 420 624 pares
433 557 531 610 virtute
544 557 653 611 relictui

84 619 255 674 Contemnere
267 623 359 688 misen
378 625 487 679 vitands
498 632 538 678 est
550 627 668 696 improbe
679 627 755 682 Siren

82 687 196 757 Desidia,
209 698 257 744 eut
268 693 397 762 quidquid
410 695 466 748 vite
477 695 583 750 meliore
614 697 702 764 crusti,

82 757 239 813 Ponendum
251 777 326 830 aequo
338 763 453 816 unimo.”
471 764 528 816 “Di
542 771 576 829 te,
587 715 694 818 Samaei
714 781 754 834 pe,
763 763 878 834 Deaeque

82 827 182 882 Verum
194 829 227 882 ob
239 831 377 884 consilium
390 832 489 886 donent
501 839 611 888 tonsore.
648 833 681 889 Se
713 833 784 888 unde

81 897 147 950 Tem
155 896 220 952 bene
227 915 270 952 me
277 901 347 953 nosti
354 899 382 954 l'’
400 902 559 970 “Postquem
566 904 651 958 omnis
660 921 701 958 res
709 902 876 958 messanum

81 967 124 1018 Ad
136 967 252 1020 medium
264 968 349 1022 irecte
360 977 407 1034 est,
419 969 505 1022 alienu
517 972 623 1037 negotiu
634 987 704 1038 curo,

80 1035 215 1089 Excussus
227 1039 345 1107 propriis.
381 1038 451 1091 Olim
462 1056 523 1092 num
536 1055 650 1108 quaerere
661 1037 790 1106 emebem,
836 1041 872 1091 20

82 1105 140 1168 Quo
153 1106 225 1158 vafer
236 1107 283 1159 ille
293 1107 372 1177 pedes
384 1107 491 1161 lavisset
503 1107 629 1176 Sisyphus
641 1124 699 1173 sere,

81 1175 152 1238 Quid
165 1174 298 1244 sculptum
310 1177 418 1242 infabre,
431 1177 495 1246 quid
507 1177 596 1228 fusum
608 1175 699 1228 durius
711 1185 793 1229 esset:

81 1243 199 1296 Callidus
212 1245 274 1298 huic
286 1247 361 1314 signo
406 1247 500 1299 nobem
512 1245 597 1298 millio
609 1252 716 1298 centum
723 1264 731 1310 ς

80 1311 180 1366 Hortor
192 1315 360 1384 egregiusque
390 1333 460 1368 omos
472 1315 611 1368 mercarier
621 1331 691 1368 unus

81 1381 147 1436 Oum
159 1383 232 1436 lucro
244 1399 350 1448 norem
368 1385 437 1438 unde
449 1384 599 1452 frequentin
611 1383 767 1438 Mercuriale

78 1457 229 1524 Imposuere
240 1456 307 1508 mihi
319 1468 461 1521 cognomen
474 1451 613 1519 compite.’'
649 1454 663 1479 “
671 1452 696 1504 N
697 1452 747 1517 ovi,

78 1524 115 1576 Et
126 1524 207 1576 miror
218 1523 301 1576 morbi
314 1529 457 1591 purgatum
469 1528 496 1573 te
508 1519 604 1574 illius.’'
639 1520 655 1548 ‘⁴
663 1521 746 1588 Atqui

78 1593 186 1646 llmovit
197 1600 311 1646 veterem
322 1591 387 1644 mire
399 1606 489 1651 novur,
501 1595 533 1641 ut
545 1589 619 1653 solet,
630 1589 659 1642 in
671 1605 716 1642 cor

78 1663 201 1731 Trejecto
212 1661 301 1715 leteris
313 1660 401 1712 miseri
413 1659 540 1726 capitisve
551 1658 646 1726 dolore,
732 1655 817 1726 [got.''
835 1661 870 1712 30

78 1732 117 1786 Ut
135 1731 295 1800 lethargicus
313 1730 357 1781 hic
376 1745 459 1796 quum
481 1727 513 1780 fit
536 1745 572 1796 pu
593 1727 599 1739 '
629 1733 657 1780 et
674 1727 807 1780 medicum
826 1745 870 1781 ur-

79 1801 169 1854 “Dum
178 1799 284 1869 nequid
297 1797 381 1851 simile
393 1797 462 1865 huic,
472 1804 527 1850 esto
538 1803 570 1850 ut
593 1797 672 1850 ibet.''
697 1796 739 1851 “0
751 1796 825 1865 bone,
836 1815 870 1852 ne

78 1870 215 1922 Frustrere
227 1888 233 1933 ;
251 1867 350 1921 insonis
361 1873 389 1920 et
400 1874 432 1920 tu
444 1865 572 1936 stultique
583 1883 664 1936 prope
675 1883 772 1934 omnes,
827 1865 870 1936 [te

78 1934 108 1990 Si
121 1935 186 2004 quid
198 1934 338 1989 Stertinius
350 1935 405 1988 reri
417 1942 514 2002 erepet,
527 1935 597 1987 unde
609 1951 656 2004 ego
668 1935 735 1988 mire

78 2005 212 2074 Descripsi
224 2004 315 2057 docilis
327 2011 458 2073 praecepte
469 2003 533 2069 haec,
545 2011 661 2072 tempore
675 2020 779 2071 quomo

79 2074 185 2129 Solutus
192 2073 273 2142 jussit
285 2075 430 2142 sapientem
441 2089 546 2142 pusoere
557 2071 665 2126 barbam

80 2145 169 2214 Atque
182 2161 198 2196 e
210 2142 329 2196 Fabricio
341 2160 394 2196 non
406 2143 509 2195 tristem
521 2151 601 2210 ponte
612 2141 715 2194 reverti

80 2213 151 2268 Nem
163 2211 232 2265 mele
243 2229 272 2264 rc
282 2218 357 2278 gesta
369 2228 452 2278 quum
463 2210 558 2265 vellem
570 2211 676 2263 mittere
688 2212 778 2277 operto

81 2285 127 2338 Me
139 2282 227 2350 cupite
239 2280 267 2334 in
279 2279 386 2347 flumen,
398 2282 491 2335 dexter
503 2282 585 2348 stetit,
597 2287 632 2348 et,
644 2283 652 2312 ‘
662 2282 730 2335 Cave
741 2283 811 2335 sexis

82 2354 119 2408 'lle
126 2352 272 2423 quidquem
279 2349 434 2418 indignum
446 2350 689 2420 pudor,'inquit,‘te
696 2351 782 2406 melus
789 2353 865 2420 ungit

80 2421 190 2474 Insanos
202 2421 248 2490 qui
261 2421 330 2472 inter
342 2435 447 2474 vereare
459 2420 567 2472 insanus
579 2419 677 2473 baberi
835 2430 871 2478 40

79 2490 200 2543 Primum
208 2506 270 2543 nem
280 2489 420 2559 inquii-nm,
428 2488 491 2558 quid
501 2489 536 2541 sit
545 2490 645 2542 furere:
658 2489 707 2544 hoo
716 2490 739 2543 si
747 2492 798 2546 erit
807 2492 836 2544 in
845 2503 872 2546 te

79 2559 146 2626 Solo,
158 2561 197 2613 nil
209 2559 290 2628 verbi,
303 2577 393 2630 perees
405 2559 470 2630 quin
483 2559 593 2627 sortiter,
605 2559 709 2614 eddom

80 2629 165 2697 Quem
174 2630 246 2686 melu
257 2629 373 2686 stultitia
385 2636 413 2685 et
424 2646 608 2700 quemcunque
618 2629 726 2686 inscitie
737 2631 792 2686 reri
