2006 2814
12 2663 57 2784 b

76 70 129 137 204¹
390 75 546 133 nostru

74 187 204 244 Incolumi
217 185 321 241 Rhodos
334 195 361 240 et
372 185 502 256 Mytilene
514 185 627 256 pulchre
638 185 712 254 fecit,
724 183 795 258 quod

74 261 182 314 Paenule
194 257 312 324 solstitio,
326 264 471 326 campestre
483 257 615 310 nivalibus
627 259 705 325 auris,

75 330 125 384 Per
137 331 256 382 brumam
268 327 375 394 Tiberis,
389 326 484 380 Sextili
495 343 584 378 mense
597 328 723 382 caminus.

74 400 146 454 Dum
158 401 220 452 licet
233 415 263 451 ac
276 395 382 450 vultum
394 405 480 450 servat
493 395 611 449 Fortuna
623 397 774 467 benignum,
829 398 866 452 20

75 470 165 524 Romae
177 469 301 531 laudetur
314 466 403 520 Samos
416 475 442 520 et
455 466 531 520 Chios
544 473 572 519 et
585 466 689 519 Rhodos
701 468 801 521 absens.

75 541 122 607 Tu,
136 555 322 608 quamcunque
334 537 405 590 Deus
417 535 467 589 tibi
478 537 654 589 fortunaverit
667 537 765 606 horem,

76 611 157 664 Grata
169 626 242 663 sume
254 623 343 674 manu,
355 623 408 659 neu
421 604 509 658 dulcia
521 605 596 658 differ
608 605 636 658 in
649 623 757 676 annum,

76 680 120 747 Ut,
133 697 289 750 quocunque
301 678 357 730 loco
370 675 458 743 fueris,
471 675 567 728 vixisse
579 675 692 730 libenter

76 749 112 802 'l'e
125 751 211 814 dicas3
229 765 292 802 nam
305 747 326 798 si
338 745 405 799 ratio
418 752 445 797 et
458 744 695 815 prudentianae,

75 818 101 872 N
102 837 136 872 on
148 819 220 872 locus
232 817 307 870 effusi
318 815 372 868 late
384 815 464 868 maris
476 815 573 868 arbiter
585 816 679 884 aufert,

77 889 184 956 (ioelum,
197 905 250 940 non
262 887 381 940 animum
393 891 505 952 mutant,
519 886 565 954 qni
578 897 650 940 trans
663 901 734 939 mere
746 891 869 942 sumunt.

77 958 190 1012 Strenue
201 974 249 1009 nos
261 963 365 1009 exercet
377 955 488 1020 inertia;
505 955 617 1008 navibus
630 963 710 1025 atque

78 1027 217 1095 Quadrigis
230 1027 345 1095 petimus
357 1023 424 1078 bene
436 1025 531 1079 vivere.
568 1024 643 1090 Quod
656 1025 732 1095 petis,
744 1025 789 1080 hie
801 1031 851 1090 eet,

77 1095 126 1151 Est
139 1096 252 1166 Ulubris,
264 1095 369 1148 enimus
382 1095 404 1148 si
416 1101 443 1148 te
455 1111 508 1148 non
520 1094 609 1148 deficit
621 1111 719 1164 aequus.
834 1098 871 1150 ³0

235 1265 412 1323 Errsrots
430 1267 569 1326 xli-sn
585 1278 695 1322 rocrnu.

78 1363 240 1420 Fraternas
252 1365 378 1435 Agrippa
391 1365 494 1435 Siculis,
508 1384 572 1436 quos
585 1369 694 1438 colligis,
707 1367 768 1438 Ioci,

78 1435 107 1490 si
119 1442 190 1489 reete
202 1436 305 1504 frueris,
318 1454 371 1490 non
383 1443 429 1518 est³
442 1443 474 1490 ut
487 1453 516 1489 co
536 1439 562 1490 ie
574 1441 659 1508 major

78 1506 120 1558 Ab
132 1506 200 1560 Jove
212 1505 304 1558 donari
315 1505 397 1575 possit
409 1503 466 1560 abi.
525 1507 576 1560 olle
588 1507 721 1576 querelas;

78 1573 183 1646 Pauper
194 1577 264 1630 enim
276 1593 329 1629 non
342 1583 388 1642 est,
401 1577 445 1628 cui
456 1592 545 1630 rerum
557 1580 675 1646 suppetit
688 1592 758 1631 usus.

79 1645 107 1700 si
119 1645 205 1700 ventri
217 1645 290 1714 bene,
303 1647 326 1698 si
338 1646 414 1699 laterl
427 1653 466 1699 est
478 1647 641 1716 pedibusque
655 1649 717 1716 tuis,
728 1647 767 1700 nil

78 1715 186 1769 Divitiae
198 1721 322 1798 poterunt
334 1716 434 1784 regales
447 1717 543 1769 addere
555 1721 649 1784 majus.

79 1784 107 1838 si
119 1785 187 1838 forte
198 1799 227 1837 rn
239 1785 325 1838 medio
338 1785 482 1854 positorum
494 1785 637 1839 abstemius
650 1787 736 1840 herbis

80 1853 154 1908 Vivis
167 1861 193 1908 et
206 1855 296 1924 urtica,
310 1857 346 1907 sic
358 1855 430 1907 vives
442 1855 569 1924 protinus,
582 1862 614 1908 ut
625 1863 653 1909 te

81 1923 223 1978 Confestim
235 1925 354 1992 liquidus
367 1923 490 1977 Fortuna
502 1925 574 1977 rivus
587 1926 699 1995 inauret,

80 1993 130 2047 Vel
142 1995 204 2064 quia
216 2001 340 2047 naturam
352 2001 456 2047 mutare
468 1995 581 2064 pecunie
592 1997 684 2063 nescit,
837 2001 874 2052 10

80 2063 129 2116 Vel
142 2065 204 2134 quio
216 2070 312 2118 cuncta
324 2068 402 2133 putas
414 2079 469 2117 una
481 2065 580 2118 virtute
593 2065 701 2120 minora

79 2132 216 2200 Miremur,
229 2135 251 2187 si
264 2134 406 2187 Democriti
418 2150 498 2204 pecus
510 2135 565 2187 edit
577 2135 674 2203 agellos

80 2203 215 2274 Cultaque,
229 2203 291 2256 dum
304 2219 412 2272 peregre
424 2210 464 2256 est
476 2205 579 2258 enimus
592 2203 648 2256 sine
659 2219 765 2274 corpore
776 2204 874 2273 valon

81 2273 170 2335 Quum
181 2281 213 2326 tu
225 2274 294 2325 inter
307 2271 419 2326 scabiem
432 2281 535 2327 tentam
547 2281 574 2326 et
586 2276 708 2343 contagia
720 2275 789 2327 lucri

80 2343 126 2395 Nil
138 2357 248 2411 parvum
261 2343 346 2412 sepias
359 2349 386 2396 et
398 2343 484 2396 adhue
497 2344 619 2397 sublimia
631 2360 718 2398 erres:

81 2411 147 2472 Quae
159 2429 231 2464 mare
243 2417 408 2480 compescant
420 2429 512 2479 cauere,
526 2415 591 2483 quid
602 2420 732 2483 temperet
743 2429 854 2486 annum,

81 2480 168 2533 Stellre
182 2485 273 2548 sponte
286 2498 339 2546 sna,
348 2483 463 2550 jussere
475 2489 605 2551 vagentur
616 2490 644 2536 et
656 2489 750 2550 errent

82 2549 150 2612 Quid
162 2553 264 2618 premet
276 2547 413 2603 obscurum
425 2549 503 2614 lunae,
515 2553 579 2621 quid
591 2552 706 2621 proferet
718 2551 814 2622 orbem,

82 2617 152 2692 Quid
163 2618 229 2676 velit
240 2620 268 2672 et
279 2619 361 2691 possit
372 2635 460 2676 rerum
472 2622 609 2678 concordie
620 2621 725 2696 ditare
