2006 2814
288 87 542 146 EPISTOLll-RUM
560 87 585 142 I.
604 91 645 152 16,
664 87 706 142 17.
837 86 888 143 llll

249 299 419 356 EPISTOLA
436 301 598 356 XVII.-an
612 314 735 356 senisu.

94 417 233 484 Qnsuvts,
247 417 343 485 Scaeva,
356 417 419 470 satis
431 435 478 487 per
490 424 517 470 te
529 417 578 470 tibi
591 416 705 470 consulis
717 421 744 472 et
756 417 807 472 scis

94 489 152 552 Quo
164 489 271 541 tandem
284 497 361 556 pacto
373 488 464 540 deceat
476 486 618 556 majoribus
632 487 679 553 uti,

91 557 178 624 Disce,
190 557 322 610 doeendus
334 558 421 610 adhuc
434 575 492 626 quae
505 563 595 610 censet
607 556 744 624 amiculus,
756 563 788 610 ut
801 558 823 610 si

94 627 184 680 Oaecus
196 627 247 679 iter
259 634 403 680 monstrare
416 628 495 690 velit;
514 634 603 679 tamen
615 627 727 696 adspice,
741 627 763 679 si
776 627 840 696 quid

92 696 129 749 Et
141 714 195 764 nos,
208 697 277 766 quod
290 714 362 749 cures
375 698 509 766 proprium
521 697 619 765 fecisse,
632 697 657 749 lo
677 714 777 751 namur.

92 766 121 819 Si
135 773 161 818 te
173 774 250 834 grata
262 768 334 835 quies
348 773 374 820 et
386 767 498 836 primam
512 784 617 819 somnus
629 767 657 820 in
690 783 763 820 oram

92 835 222 902 Delectat,
236 837 257 888 si
270 844 296 889 te
309 837 396 906 pulvis
409 836 585 906 strepitusque
598 844 723 908 rotarum,

92 905 121 958 Si
133 905 207 958 laedit
220 923 346 975 caupona,
358 906 530 970 Ferentinum
543 907 580 958 ire
588 906 702 976 jubebo;

90 974 161 1026 Nam
174 993 259 1043 neque
271 976 398 1028 divitibus
411 975 571 1043 contingunt
583 977 681 1043 gaudia
694 976 762 1044 solis,

90 1043 147 1097 Neo
159 1045 228 1098 vixit
240 1045 316 1112 male,
328 1045 374 1114 qui
386 1053 465 1098 natus
477 1045 642 1114 moriensque
654 1046 756 1100 fefellit.
852 1047 885 1098 10

91 1113 119 1166 si
133 1114 252 1183 prodesse
264 1116 318 1168 tuis
331 1115 470 1184 paulloque
483 1114 621 1182 benignius
634 1115 720 1184 ipsum

90 1183 128 1236 Te
141 1190 254 1238 tractare
266 1185 345 1246 voles,
358 1185 464 1238 accedes
477 1185 561 1237 siccus
574 1184 608 1236 ed
622 1193 738 1239 unctum.

90 1252 145 1306 “Si
158 1256 298 1322 pranderet
311 1255 367 1306 olus
380 1259 518 1324 patienter,
529 1255 636 1324 regibus
648 1257 690 1309 nti

92 1321 182 1376 Nollet
194 1323 371 1393 Aristippus.”
407 1327 458 1379 “Si
471 1327 548 1379 sciret
560 1327 665 1394 regibus
678 1325 726 1392 uti,

92 1392 235 1445 Fastidiret
248 1393 312 1459 oluS,
325 1395 370 1460 qui
382 1413 423 1448 me
435 1407 481 1448 not
500 1393 535 1448 t.”
572 1395 663 1448 Utrius
675 1396 769 1448 horum

90 1460 178 1516 Verba
189 1464 280 1532 probes
293 1471 320 1517 et
332 1464 410 1531 facta,
423 1464 494 1527 doce,
507 1463 549 1517 vel
557 1465 648 1531 junior
660 1464 729 1530 audi,

89 1531 143 1584 Gur
155 1533 190 1586 sit
202 1534 330 1604 Aristippi
343 1535 428 1603 potior
442 1533 588 1596 sententia3
607 1549 720 1600 namque

88 1600 239 1656 Mordacem
252 1604 380 1670 Cynicum
393 1604 429 1655 sic
442 1602 572 1668 eludebat,
586 1609 618 1654 ut
630 1603 722 1654 aiunt:

88 1668 103 1698 “
113 1667 220 1723 Scurror
232 1689 279 1740 ego
291 1675 347 1741 ipse
359 1673 432 1736 mihi,
445 1671 542 1740 populo
555 1681 602 1734 tu;
620 1672 717 1721 rectius
729 1668 779 1722 hoc
791 1674 818 1722 et

85 1744 254 1814 splendidius
261 1745 346 1797 multo
355 1750 401 1798 est.
419 1743 512 1811 Equus
520 1746 551 1795 ut
559 1759 602 1794 me
611 1747 705 1810 portet,
713 1741 769 1796 alat
777 1761 833 1814 rex,
844 1747 883 1798 20

86 1813 209 1868 Officium
222 1815 304 1867 facio:
322 1822 353 1865 tu
366 1813 449 1882 poscis
462 1812 633 1880 villermum,

84 1884 175 1938 Dante
186 1884 279 1950 minor,
293 1883 413 1951 quamvis
426 1883 477 1934 fers
490 1887 517 1934 te
529 1881 629 1934 nullius
641 1884 787 1950 egentem.”

13 1977 14 1980 ¹
86 1953 179 2006 Omnis
192 1953 358 2023 Aristippum
370 1952 461 2005 decuit
473 1952 542 2004 color
554 1957 581 2004 et
594 1957 680 2004 status
693 1957 720 2004 ct
732 1970 780 2023 res,

85 2022 244 2075 Tentantem
256 2025 364 2090 majora,
376 2023 430 2075 iere
442 2020 614 2091 praesentibus
627 2038 740 2091 aequum.

85 2092 190 2158 Contra,
203 2109 280 2160 quem
293 2092 394 2160 duplici
405 2109 493 2161 panno
505 2091 636 2161 patientie
647 2091 727 2161 velat,

84 2159 209 2228 Mirabor,
222 2161 284 2213 vitae
296 2161 340 2214 via
352 2162 374 2214 si
386 2178 510 2214 conversa
521 2162 630 2215 decebit.

84 2229 162 2284 Alter
192 2247 336 2300 urpureum
347 2247 401 2282 non
413 2231 577 2300 exspectabit
589 2232 723 2300 amictum,

86 2247 223 2364 Quidlibet
235 2299 344 2352 indutus
357 2300 524 2352 celeberrima
529 2317 583 2382 per
594 2301 651 2354 loca
663 2301 749 2370 vadet,

84 2368 279 2438 Personamque
291 2370 358 2423 feret
369 2387 422 2422 nou
434 2369 606 2422 inconcmnus
619 2377 772 2442 utramquo;

83 2438 160 2494 Alter
172 2439 261 2492 Mileti
272 2445 375 2492 textam
387 2457 452 2492 cane
464 2442 538 2508 pejus
550 2445 577 2492 et
589 2441 672 2509 angui
844 2447 880 2498 30

87 2507 192 2563 Vitabit
204 2509 378 2578 chlamydem,
389 2509 516 2562 morietur
527 2509 631 2577 frigore,
644 2511 667 2562 si
678 2527 732 2564 non

86 2577 230 2634 Rettuleris
241 2597 367 2650 pannum.
404 2579 483 2633 Refer
495 2587 522 2632 et
534 2581 590 2632 sine
603 2580 677 2633 vivat
689 2581 802 2652 ineptus.

85 2647 138 2704 Res
149 2665 239 2720 gerere
250 2656 278 2706 et
290 2655 382 2721 captos
393 2650 529 2706 ostendere
541 2647 643 2706 civibus
653 2650 742 2706 hostes
