2006 2814
122 103 180 164 eto
442 105 599 162 nonnum

127 207 246 278 Occupet
258 211 406 260 extremum
417 207 531 271 scabiem
548 205 615 258 mihi
627 209 705 274 turpe
716 202 833 272 relinqui
842 205 892 268 est,

126 279 170 344 Et,
183 277 252 347 quod
264 294 317 330 non
329 276 418 342 didici,
431 293 493 329 sane
505 276 604 328 nescire
616 273 719 327 feteri.'’

127 347 165 401 Ut
177 364 268 418 preco,
281 346 315 400 ad
327 363 425 399 meroes
437 345 541 399 turbam
553 345 599 414 qui
610 344 681 412 cogit
693 343 824 412 emendas,

127 416 308 470 Assentetores
317 416 393 484 jubet
405 415 439 468 ad
452 416 555 468 lucrum
567 415 605 467 ire
616 416 696 482 poeta
858 414 910 465 420

128 485 209 539 Dives
221 487 297 554 egris,
311 486 382 538 dives
395 485 485 554 positis
497 486 525 536 in
539 485 627 537 fenore
639 483 760 540 nummis.

129 555 158 609 si
170 572 231 610 vero
242 563 413 623 est‚·nnctum
426 555 471 623 qui
482 561 552 607 reete
565 571 660 624 ponere
672 555 753 622 possit

130 624 166 677 Et
178 643 190 677 s
209 624 303 678 ondere
315 624 367 677 levi
379 640 426 692 pro
438 641 490 693 pau
510 641 552 676 ere
564 631 591 676 et
603 624 701 692 eripere
714 622 779 676 atris

130 643 233 748 nitidus
246 694 411 763 implicitum,
423 642 536 746 mireior
548 693 570 746 si
583 694 647 746 sciet
659 693 741 746 inter-

130 779 236 816 noscere
248 764 400 816 mendacem
412 780 554 829 verumque
566 761 658 816 beatus
669 763 792 816 amioum.

131 832 172 886 'iu
184 851 229 886 seu
241 833 345 885 doneris
358 851 404 886 seu
417 833 481 901 quid
493 833 591 885 donare
603 832 673 885 voles
685 833 737 899 cui,

132 901 222 954 Nolito
233 902 267 955 od
280 919 369 955 versus
382 902 430 955 tibi
444 903 526 955 lectos
538 903 633 954 ducere
646 901 753 970 plenum

133 969 261 1032 Loesium
279 971 404 1024 clamabit
416 972 486 1024 enim
499 972 626 1026 Pulchro!
646 971 726 1026 bene!
745 974 829 1025 recte!

136 1038 264 1095 Pelleseet
276 1058 354 1110 super
365 1041 413 1107 his,
426 1043 506 1095 etiem
519 1041 631 1094 stillabit
643 1041 734 1093 amicis
979 1083 980 1110 p

138 1108 176 1160 llx
189 1109 270 1162 oculis
282 1127 373 1176 rorem,
385 1111 468 1175 saliet,
481 1111 577 1164 tundet
590 1111 654 1178 pede
668 1117 774 1164 terrem,
868 1111 921 1163 430
979 1111 980 1116 ’

137 1177 173 1230 Ut
185 1178 232 1246 qui
244 1180 367 1233 conducti
379 1181 483 1250 plorant
495 1181 523 1232 in
536 1179 633 1246 funere,
646 1179 740 1233 dicunt

136 1245 172 1300 Et
183 1248 285 1302 faciunt
297 1267 376 1319 prope
388 1251 465 1318 plura
477 1249 625 1302 dolentibus
637 1267 671 1302 ex
682 1250 778 1318 animo,
791 1249 828 1302 sic

135 1315 241 1382 Derisor
252 1335 312 1371 vero
326 1319 385 1388 plus
398 1319 533 1372 laudatore
545 1325 670 1374 movetur.

137 1384 221 1455 Reges
233 1387 359 1442 dicuntur
371 1388 462 1441 multis
476 1405 566 1456 urgere
578 1388 685 1441 culullis

137 1454 172 1508 llt
185 1464 304 1525 torquere
316 1474 394 1523 mero,
407 1475 484 1526 quem
497 1458 659 1526 perspexisse
671 1457 800 1526 laborant,

137 1525 180 1577 An
193 1526 228 1578 sit
240 1526 357 1579 amicitia
368 1527 479 1596 dignus:
497 1527 518 1578 ei
532 1527 648 1580 carmina
660 1527 762 1593 condes,

137 1590 280 1663 Nunquam
294 1604 320 1648 te
332 1597 427 1650 fallent
439 1596 521 1649 enimi
534 1596 581 1648 sub
594 1597 673 1665 vulpe
686 1597 811 1649 latentes:

137 1660 280 1724 Quinctilio
293 1662 315 1714 si
327 1662 390 1730 quid
402 1663 531 1730 recitares,
541 1663 557 1692 “
567 1663 671 1729 Corripe
684 1666 757 1718 sodes

137 1728 220 1793 Iloc‚''
233 1730 328 1786 aiebat.
341 1734 390 1784 “et
404 1732 478 1784 hoc.’'
514 1732 610 1786 Melius
623 1739 648 1784 te
661 1749 735 1800 posse
747 1750 863 1805 negares,

137 1794 183 1848 Bis
195 1802 286 1866 terque
298 1805 436 1867 expertum
448 1798 552 1863 frustra,
566 1799 652 1852 delere
660 1801 772 1867 jubebat
871 1801 927 1853 440

138 1863 174 1917 m
186 1865 254 1918 male
267 1873 382 1920 tornatos
395 1869 484 1921 incudi
497 1868 603 1921 reddere
616 1887 711 1924 versus.

138 1932 166 1987 Si
180 1934 318 1988 defendere
330 1936 456 1990 delictum
469 1955 548 2006 quam
562 1945 662 1992 vertere
673 1941 773 2007 melles,

137 2001 248 2056 Nullum
262 2003 333 2058 ultre
345 2006 453 2060 verbum
465 2014 513 2060 aut
525 2023 629 2076 operam
642 2009 790 2064 insumebat
801 2011 929 2086 inanem3

139 2070 209 2136 Quin
221 2074 276 2126 sine
289 2074 365 2128 rivali
379 2083 457 2143 teque
469 2085 496 2129 et
508 2082 556 2130 tua
568 2077 637 2130 solus
650 2096 758 2134 amares.

139 2138 188 2194 Vir
200 2142 283 2196 bonus
295 2149 322 2196 et
335 2145 448 2213 prudens
461 2163 549 2198 versus
562 2147 733 2216 reprehendet
745 2150 852 2218 mortes,

139 2210 263 2280 Culpabit
275 2213 361 2279 duros,
375 2215 514 2283 incomptis
527 2216 620 2270 allinet
632 2227 721 2271 atrum

139 2278 264 2333 Traverso
276 2283 376 2336 calamo
389 2285 500 2352 signum,
513 2285 650 2339 ambitiosa
662 2288 761 2342 recidet

140 2346 307 2412 ornamenta,
322 2368 413 2419 parum
427 2353 503 2405 cleris
515 2353 600 2407 lucem
613 2355 674 2408 dare
686 2363 770 2423 coget.

140 2413 242 2493 drgnet
254 2419 376 2488 ambigue
389 2421 498 2489 dictum,
510 2424 638 2486 mutanda
650 2427 759 2492 notabit,

134 2483 196 2539 Fiet
206 2489 371 2543 Aristarchus
382 2511 389 2555 ;
408 2510 460 2546 non
473 2495 550 2559 dicet,
563 2499 577 2522 “
585 2495 637 2548 Cur
649 2512 697 2562 ego
705 2496 821 2550 amicum
875 2500 937 2549 450

136 2551 273 2608 Offendem
285 2557 313 2608 in
325 2562 404 2629 nugis
414 2561 441 2614 l”
477 2563 527 2616 Hae
539 2581 618 2632 nugae
630 2565 696 2617 seria
706 2564 804 2617 ducent

134 2614 170 2670 ln
179 2619 252 2674 mala
263 2621 378 2678 derisum
391 2629 472 2682 semel
483 2645 677 2699 exceptumque
688 2631 803 2688 sinistre.
