2014 2810
363 71 575 130 SATIRARUM
594 74 635 128 11.
655 79 678 126 4.
868 85 920 146 173

126 179 281 236 Pectinibus
292 179 392 250 patulis
401 180 487 248 jactat
500 195 527 234 se
538 177 618 232 molle
629 178 784 232 ruentum.

126 252 184 305 Nec
197 251 246 304 sibi
259 267 394 303 coenarum
406 249 494 316 quivis
507 253 604 302 temere
616 249 724 316 adroget
735 256 828 322 artem,

125 321 152 374 N
154 338 187 374 on
199 321 273 390 prius
286 327 381 376 exacta
393 319 468 373 tenui
480 319 582 373 ratione
594 333 725 387 saporum.

125 391 152 444 N
153 408 182 444 ee
194 391 258 444 sotis
271 399 311 443 est
324 408 385 442 cara
397 389 481 458 pisces
493 393 610 442 avertere
622 405 720 456 mensa,

126 460 256 528 Ignarum
267 459 363 530 quibus
376 465 415 512 est
424 460 470 528 jus
482 459 571 528 aptius
584 464 611 512 et
623 456 718 526 quibus
730 458 796 512 assis

126 529 281 598 Languidus
292 530 321 582 in
334 529 452 582 cubitum
460 529 519 597 jam
531 545 558 582 so
570 529 680 581 convive
692 532 811 597 reponet.

126 599 226 652 Umber
237 605 265 652 et
276 599 360 668 iligna
372 599 490 652 nutritur
502 598 599 666 glande
611 597 738 652 rotundas
889 607 925 657 40

127 669 227 722 Curvat
238 686 302 738 aper
314 669 402 722 lances
415 685 521 722 carnem
533 669 644 722 vitantis
657 667 785 732 inertem3

126 738 196 792 Nom
209 738 325 791 Laurens
337 738 423 790 melus
435 744 482 806 est,
495 737 564 790 ulvis
577 744 604 792 et
616 738 746 791 amudine
758 737 873 808 pinguis.

127 807 213 862 Vinea
226 807 359 862 submittit
371 825 478 878 capreas
489 823 543 861 non
555 823 657 876 semper
669 806 767 862 edules.

126 877 258 930 Fecunda
271 877 366 946 leporis
378 878 482 946 sapiens
495 877 639 931 sectabitur
650 895 743 934 armos

127 947 247 1000 Piscibus
259 953 340 1015 atque
352 947 445 1000 avibus
458 965 516 1015 quse
528 953 626 1000 natura
638 953 665 1000 et
676 948 745 1002 foret
756 951 828 1017 astos,

126 1017 197 1070 Ante
209 1033 298 1070 meum
309 1017 378 1070 nulli
390 1016 479 1086 patuit
490 1017 602 1085 quaesita
613 1015 740 1086 palatum.

126 1086 204 1154 Sunt,
216 1103 328 1154 quorum
340 1086 477 1155 ingenium
489 1103 558 1140 nova
569 1092 676 1140 tontum
688 1088 807 1142 crustulo
819 1089 922 1158 promit

126 1156 301 1224 Nequaquam
313 1155 376 1208 satis
389 1155 418 1210 in
429 1173 458 1210 re
469 1173 525 1210 uuo
537 1172 689 1210 consumere
700 1173 807 1224 curom3

126 1225 165 1279 Ut
177 1226 199 1278 si
211 1225 270 1294 quis
283 1225 369 1278 solum
380 1225 438 1293 hoe,
449 1226 521 1280 mala
533 1243 566 1280 ne
579 1229 633 1279 sint
645 1226 715 1296 vine,
727 1226 836 1297 laboret,

127 1295 206 1359 Quali
218 1293 362 1364 perfundat
373 1295 457 1365 pisces
469 1313 576 1350 securus
587 1296 664 1351 olivo.
888 1299 923 1354 30

125 1363 241 1418 Massica
253 1365 275 1417 si
287 1364 352 1418 coelo
364 1381 494 1434 suppones
507 1365 569 1420 vina
581 1382 679 1435 sueno,

125 1434 271 1501 Nocturna,
284 1433 383 1502 siquid
396 1436 475 1489 crassi
488 1441 534 1504 est,
547 1435 703 1490 tenuabitur
713 1453 778 1493 oure

126 1503 163 1557 Et
175 1504 284 1558 decedet
296 1505 359 1557 odor
370 1505 458 1558 nervis
469 1505 608 1570 inimicum
626 1513 655 1558 at
667 1507 715 1560 illa

127 1573 268 1642 Integrum
280 1574 395 1643 perdunt
407 1574 462 1627 lino
474 1575 571 1627 vitiata
583 1590 709 1644 saporem.

10 1707 22 1722 ὁ
55 1671 58 1676 ·
126 1642 283 1698 Surrentina
295 1644 369 1697 refer
381 1643 427 1711 qui
438 1644 532 1697 miscet
543 1644 608 1696 foece
621 1643 734 1699 Falerna

127 1713 205 1780 Vina,
218 1713 367 1767 columbino
379 1712 474 1766 limum
485 1713 552 1765 bene
564 1713 666 1782 colligit
678 1731 734 1782 ovo,

127 1782 264 1847 Quatenus
275 1782 329 1835 ima
341 1782 410 1850 petit
422 1781 528 1834 volvens
540 1782 626 1836 aliena
638 1784 747 1837 vitellus

126 1853 212 1906 [lestis
224 1857 386 1906 marcentem
398 1851 498 1920 squillis
509 1850 637 1906 remeabis
649 1859 677 1907 et
688 1853 755 1908 Afro

127 1921 250 1976 Potorem
262 1921 382 1985 cochlea;
400 1938 463 1974 nam
474 1922 579 1974 lactuca
590 1923 696 1978 innatet
707 1924 762 1978 aeri

126 1990 191 2045 Post
203 1993 295 2045 vinum
308 1992 441 2044 stomacho
447 2010 455 2056 ;
473 2009 555 2061 perna
566 1993 652 2060 magis
664 2009 695 2046 ac
706 1994 791 2064 magis
802 1994 876 2051 hillis
887 1999 923 2052 60

126 2060 246 2129 Flagitat
258 2061 419 2113 immersusm
431 2060 503 2114 refici
510 2081 517 2126 ς
536 2062 601 2131 quin
613 2064 702 2117 omnia
712 2065 797 2134 malit,

127 2131 297 2198 Quaecunque
308 2130 451 2182 immundis
463 2131 568 2184 fervent
579 2131 661 2188 allata
673 2135 784 2203 popinis.

126 2200 176 2254 Est
188 2217 272 2270 operes
285 2198 400 2269 pretium
412 2198 527 2269 duplicis
539 2217 691 2270 pernoscere
698 2205 767 2272 juris

126 2270 266 2323 Naturam.
302 2269 421 2338 Simplex
433 2287 447 2322 e
460 2269 532 2323 dulci
544 2277 647 2324 consta
659 2273 735 2340 olivo,

127 2340 203 2405 Quod
234 2339 310 2408 ingui
321 2339 429 2392 miseere
441 2356 513 2392 mero
524 2340 662 2410 muriaque
674 2342 783 2413 decebit,

126 2409 188 2464 Non
226 2409 254 2462 is
265 2425 346 2479 quam
358 2426 411 2478 qua
423 2407 554 2478 Byzantia
585 2413 657 2465 utuit
669 2429 735 2466 oret»

127 2480 187 2534 Hoc
198 2479 245 2534 ubi
257 2480 395 2536 confusum
406 2480 484 2534 sectis
495 2427 623 2534 inferbuit
634 2480 721 2535 herbis

128 2549 287 2622 Corycioque
298 2567 372 2607 orooo
384 2567 505 2623 sparsum
516 2551 599 2620 stetit,
611 2551 718 2623 insuper
729 2551 810 2608 addes

446 2646 461 2668 ⁸
476 2639 498 2680 io
506 2649 587 2680 monn·
