2006 2814
251 604 521 672 Q.nonnrn
550 601 723 677 rnnoc1

95 796 190 888 DE
246 793 883 890 nunnionnion

420 989 565 1046 LIBER

423 1143 553 1163 W

98 1222 224 1280 Hunano
237 1223 318 1293 capiti
331 1223 459 1277 cervicem
472 1224 557 1294 pictor
569 1223 692 1292 equinam

97 1294 119 1350 J
120 1312 217 1364 ungere
229 1295 250 1347 si
263 1294 327 1346 velit
340 1301 367 1346 et
381 1295 466 1346 varias
479 1294 602 1346 inducere
615 1292 717 1360 plumas

99 1361 222 1433 Undique
234 1363 335 1416 collatis
347 1363 476 1428 membris,
490 1370 520 1415 ut
533 1363 647 1431 turpiter
659 1371 747 1414 atrum

99 1432 210 1487 Desinet
222 1433 250 1486 in
263 1433 360 1502 piscem
372 1432 467 1485 mulier
478 1433 591 1484 formosa
603 1447 723 1500 superne,

99 1501 254 1572 Spectatum
265 1502 372 1554 admissi
384 1502 467 1554 risum
479 1502 593 1554 teneatis
605 1499 703 1553 amicii

100 1571 211 1638 Credite,
225 1573 338 1638 Pisones,
350 1571 395 1624 isti
408 1571 506 1624 tabulae
519 1571 573 1623 fore
586 1569 684 1622 librum

100 1639 270 1707 Persimilem‚
283 1643 358 1710 cujus
371 1640 444 1693 velut
457 1640 520 1708 aegri
532 1639 632 1692 somnia
645 1655 720 1690 vanae

13 1765 14 1774 ,
99 1708 248 1776 rimentur
259 1711 357 1778 species
364 1729 372 1775 ;
390 1717 420 1762 ut
432 1727 480 1762 uec
492 1726 537 1778 pes
549 1724 597 1761 nec
609 1714 689 1776 caput
701 1705 750 1759 uni

13 1789 14 1800 ¹
103 1775 239 1832 Reddatur
250 1781 347 1834 sonnae.
384 1777 555 1832 “Pictonibus
568 1785 647 1845 atque
659 1775 744 1844 po'e'tis

13 1845 14 1852 ’
104 1843 238 1906 Quidlibet
250 1843 366 1897 audendi
378 1862 479 1914 semper
490 1845 544 1896 fuit
556 1861 631 1912 aqua
643 1839 786 1911 potestas.’'
856 1843 891 1894 10

102 1907 213 1978 Scimus,
221 1917 249 1964 et
258 1910 327 1963 hanc
338 1912 441 1965 veniam
451 1911 618 1981 petimusque
626 1912 770 1978 damusque
778 1906 904 1975 vicissim,

13 2009 14 2036 ι
102 1975 153 2030 sed
166 1993 219 2029 non
231 1983 261 2028 ut
274 1975 384 2043 placidis
396 1979 490 2030 co'e'ant
503 1977 623 2042 immitia,
636 1993 689 2029 non
701 1985 733 2029 ut
986 1991 987 2070 p

103 2043 240 2115 Serpentes
253 2045 345 2097 avibus
357 2045 531 2114 geminentur,
544 2045 656 2114 tigribus
668 2045 739 2114 agni.

103 2112 219 2183 Inceptis
231 2114 355 2182 gravibus
367 2115 522 2235 plerumque
534 2122 561 2167 et
573 2131 670 2184 magna
682 2113 805 2183 professis

103 2180 260 2252 Purpureus,
273 2183 327 2236 late
339 2183 385 2252 qui
398 2182 470 2252 splen
491 2190 542 2248 eat,
554 2201 623 2236 unus
636 2193 663 2236 et
675 2184 743 2237 alter

102 2251 232 2306 Adsuitur
244 2270 362 2321 pannus;
380 2270 462 2321 quum
474 2252 550 2306 lucus
563 2261 590 2306 et
602 2271 648 2306 ara
660 2253 754 2306 Diana

102 2319 139 2372 Et
151 2322 314 2389 properantis
326 2339 400 2390 aquae
413 2339 459 2391 pcr
470 2339 585 2376 amoenos
597 2321 712 2376 ambitus
726 2338 809 2391 agros,

103 2387 159 2440 Aut
170 2388 269 2440 flumen
282 2390 404 2442 Rhenum
416 2398 464 2443 aut
476 2392 582 2460 plurius
594 2391 750 2444 describitur
762 2408 853 2452 arcus3

103 2454 155 2508 Sed
167 2473 239 2508 nunc
251 2474 304 2510 non
316 2466 372 2511 erat
384 2459 425 2510 his
437 2459 516 2513 locus.
552 2460 588 2512 Et
600 2461 709 2512 fortasse
720 2477 874 2529 cupressum
984 2517 985 2533 p

103 2521 160 2576 Seis
172 2523 309 2578 simulare:
327 2526 390 2594 quid
402 2526 457 2593 hoc,
470 2529 492 2580 si
504 2528 595 2581 fractis
607 2536 698 2581 enatat
710 2545 803 2597 exspes
856 2531 891 2582 20

104 2589 230 2658 Navibus,
243 2609 294 2644 aere
306 2592 368 2646 dato
380 2594 426 2662 qui
438 2595 575 2663 pingitur?
609 2596 745 2665 Amphora
756 2596 839 2667 coepit

104 2657 229 2727 Inscitum
246 2667 436 2716 enneaconta
446 2679 494 2717 cur
506 2681 597 2719 urceus
608 2664 682 2720 exiti
