<?xml version="1.0" encoding="UTF-8"?>
<!DOCTYPE html PUBLIC "-//W3C//DTD XHTML 1.0 Transitional//EN"
    "http://www.w3.org/TR/xhtml1/DTD/xhtml1-transitional.dtd">
<html xmlns="http://www.w3.org/1999/xhtml" xml:lang="en" lang="en">
 <head>
  <title>
</title>
<meta http-equiv="Content-Type" content="text/html;charset=utf-8" />
  <meta name='ocr-system' content='tesseract 3.04.00' />
  <meta name='ocr-capabilities' content='ocr_page ocr_carea ocr_par ocr_line ocrx_word'/>
</head>
<body>
  <div class='ocr_page' id='page_1' title='image "./qhoratiiflaccio04horagoog_0172.png"; bbox 0 0 2014 2810; ppageno 0'>
   <div class='ocr_carea' id='block_1_1' title="bbox 333 99 892 172">
    <p class='ocr_par' dir='ltr' id='par_1_1' title="bbox 333 99 892 172">
     <span class='ocr_line' id='line_1_1' title="bbox 333 99 892 172; baseline 0.007 -12"><span class='ocrx_word' id='word_1_1' title='bbox 333 99 547 160; x_wconf 69' lang='lat' dir='ltr'>sarmenti</span> <span class='ocrx_word' id='word_1_2' title='bbox 566 103 589 158; x_wconf 91' lang='lat'>1.</span> <span class='ocrx_word' id='word_1_3' title='bbox 608 104 632 172; x_wconf 84' lang='lat'>7,</span> <span class='ocrx_word' id='word_1_4' title='bbox 650 106 674 156; x_wconf 83' lang='lat'>8.</span> <span class='ocrx_word' id='word_1_5' title='bbox 841 107 892 164; x_wconf 75' lang='lat'>14⁹</span> 
     </span>
    </p>
   </div>
   <div class='ocr_carea' id='block_1_2' title="bbox 103 212 903 2712">
    <p class='ocr_par' dir='ltr' id='par_1_2' title="bbox 106 212 898 354">
     <span class='ocr_line' id='line_1_2' title="bbox 106 212 898 286; baseline -0.004 -17"><span class='ocrx_word' id='word_1_6' title='bbox 106 213 165 270; x_wconf 84' lang='lat' dir='ltr'>Hoe</span> <span class='ocrx_word' id='word_1_7' title='bbox 176 216 278 270; x_wconf 69' lang='lat' dir='ltr'>mirera</span> <span class='ocrx_word' id='word_1_8' title='bbox 289 215 361 286; x_wconf 88' lang='lat' dir='ltr'>plebi</span> <span class='ocrx_word' id='word_1_9' title='bbox 373 215 461 270; x_wconf 83' lang='lat' dir='ltr'>etebet</span> <span class='ocrx_word' id='word_1_10' title='bbox 473 231 610 268; x_wconf 77' lang='lat' dir='ltr'>commune</span> <span class='ocrx_word' id='word_1_11' title='bbox 622 212 797 286; x_wconf 81' lang='lat' dir='ltr'>sepulehmm,</span> <span class='ocrx_word' id='word_1_12' title='bbox 863 215 898 266; x_wconf 89' lang='lat'>10</span> 
     </span>
     <span class='ocr_line' id='line_1_3' title="bbox 106 285 701 354; baseline 0 -16"><span class='ocrx_word' id='word_1_13' title='bbox 106 285 252 340; x_wconf 71' lang='lat' dir='ltr'>Pantolabo</span> <span class='ocrx_word' id='word_1_14' title='bbox 265 303 360 340; x_wconf 81' lang='lat' dir='ltr'>seurrse</span> <span class='ocrx_word' id='word_1_15' title='bbox 373 286 591 354; x_wconf 71' lang='lat' dir='ltr'><strong>Nomentanoque</strong></span> <span class='ocrx_word' id='word_1_16' title='bbox 603 285 701 354; x_wconf 90' lang='lat' dir='ltr'>nepoti.</span> 
     </span>
    </p>

    <p class='ocr_par' dir='ltr' id='par_1_3' title="bbox 106 353 813 438">
     <span class='ocr_line' id='line_1_4' title="bbox 106 353 813 438; baseline -0.003 -30"><span class='ocrx_word' id='word_1_17' title='bbox 106 353 182 409; x_wconf 88' lang='lat' dir='ltr'>Mille</span> <span class='ocrx_word' id='word_1_18' title='bbox 194 356 272 426; x_wconf 79' lang='lat' dir='ltr'>pedes</span> <span class='ocrx_word' id='word_1_19' title='bbox 284 357 313 408; x_wconf 89' lang='lat' dir='ltr'>in</span> <span class='ocrx_word' id='word_1_20' title='bbox 324 357 419 423; x_wconf 83' lang='lat' dir='ltr'>fronte,</span> <span class='ocrx_word' id='word_1_21' title='bbox 432 363 562 409; x_wconf 83' lang='lat' dir='ltr'>trecentos</span> <span class='ocrx_word' id='word_1_22' title='bbox 574 355 666 438; x_wconf 57' lang='lat' dir='ltr'>Qum</span> <span class='ocrx_word' id='word_1_23' title='bbox 675 355 707 406; x_wconf 79' lang='lat' dir='ltr'>‘in</span> <span class='ocrx_word' id='word_1_24' title='bbox 719 369 813 435; x_wconf 77' lang='lat' dir='ltr'>agrum</span> 
     </span>
    </p>

    <p class='ocr_par' dir='ltr' id='par_1_4' title="bbox 107 420 829 497">
     <span class='ocr_line' id='line_1_5' title="bbox 107 420 829 497; baseline 0.001 -20"><span class='ocrx_word' id='word_1_25' title='bbox 107 425 160 477; x_wconf 85' lang='lat' dir='ltr'>Hie</span> <span class='ocrx_word' id='word_1_26' title='bbox 172 426 266 479; x_wconf 84' lang='lat' dir='ltr'>debet:</span> <span class='ocrx_word' id='word_1_27' title='bbox 279 423 401 478; x_wconf 61' lang='lat' dir='ltr'>mdes</span> <span class='ocrx_word' id='word_1_28' title='bbox 414 431 613 479; x_wconf 88' lang='lat' dir='ltr'>monumentum</span> <span class='ocrx_word' id='word_1_29' title='bbox 627 443 660 477; x_wconf 93' lang='lat' dir='ltr'>ne</span> <span class='ocrx_word' id='word_1_30' title='bbox 672 420 829 497; x_wconf 55' lang='lat' dir='ltr'>sedireretur.</span> 
     </span>
    </p>

    <p class='ocr_par' dir='ltr' id='par_1_5' title="bbox 103 491 780 564">
     <span class='ocr_line' id='line_1_6' title="bbox 103 491 780 564; baseline -0.003 -16"><span class='ocrx_word' id='word_1_31' title='bbox 103 494 132 548; x_wconf 87' lang='lat' dir='ltr'>N</span> <span class='ocrx_word' id='word_1_32' title='bbox 133 512 184 547; x_wconf 88' lang='lat' dir='ltr'>une</span> <span class='ocrx_word' id='word_1_33' title='bbox 196 495 259 548; x_wconf 88' lang='lat' dir='ltr'>lieet</span> <span class='ocrx_word' id='word_1_34' title='bbox 271 491 689 564; x_wconf 64' lang='lat' dir='ltr'>nsqumltmtffarettlttritus</span> <span class='ocrx_word' id='word_1_35' title='bbox 701 501 780 563; x_wconf 88' lang='lat' dir='ltr'>atque</span> 
     </span>
    </p>

    <p class='ocr_par' dir='ltr' id='par_1_6' title="bbox 105 563 735 634">
     <span class='ocr_line' id='line_1_7' title="bbox 105 563 735 634; baseline -0.003 -18"><span class='ocrx_word' id='word_1_36' title='bbox 105 563 209 633; x_wconf 81' lang='lat' dir='ltr'>Aggere</span> <span class='ocrx_word' id='word_1_37' title='bbox 222 565 250 616; x_wconf 91' lang='lat' dir='ltr'>in</span> <span class='ocrx_word' id='word_1_38' title='bbox 262 583 278 618; x_wconf 85' lang='lat' dir='ltr'>e</span> <span class='ocrx_word' id='word_1_39' title='bbox 297 565 350 617; x_wconf 88' lang='lat' dir='ltr'>rieo</span> <span class='ocrx_word' id='word_1_40' title='bbox 363 565 480 633; x_wconf 83' lang='lat' dir='ltr'>spatiari,</span> <span class='ocrx_word' id='word_1_41' title='bbox 493 582 545 634; x_wconf 89' lang='lat' dir='ltr'>quo</span> <span class='ocrx_word' id='word_1_42' title='bbox 558 565 634 617; x_wconf 93' lang='lat' dir='ltr'>modo</span> <span class='ocrx_word' id='word_1_43' title='bbox 647 564 735 617; x_wconf 89' lang='lat' dir='ltr'>tristes</span> 
     </span>
    </p>

    <p class='ocr_par' dir='ltr' id='par_1_7' title="bbox 105 633 732 702">
     <span class='ocr_line' id='line_1_8' title="bbox 105 633 732 702; baseline 0 -17"><span class='ocrx_word' id='word_1_44' title='bbox 105 633 180 686; x_wconf 85' lang='lat' dir='ltr'>Albis</span> <span class='ocrx_word' id='word_1_45' title='bbox 193 634 288 686; x_wconf 85' lang='lat' dir='ltr'>inform</span> <span class='ocrx_word' id='word_1_46' title='bbox 344 634 500 702; x_wconf 75' lang='lat' dir='ltr'><strong>spectabant</strong></span> <span class='ocrx_word' id='word_1_47' title='bbox 512 634 612 686; x_wconf 84' lang='lat' dir='ltr'>ossibus</span> <span class='ocrx_word' id='word_1_48' title='bbox 624 650 732 702; x_wconf 78' lang='lat' dir='ltr'>agrum3</span> 
     </span>
    </p>

    <p class='ocr_par' dir='ltr' id='par_1_8' title="bbox 105 703 814 842">
     <span class='ocr_line' id='line_1_9' title="bbox 106 703 814 772; baseline 0.001 -17"><span class='ocrx_word' id='word_1_49' title='bbox 106 703 196 768; x_wconf 87' lang='lat' dir='ltr'>Quum</span> <span class='ocrx_word' id='word_1_50' title='bbox 208 703 274 754; x_wconf 91' lang='lat' dir='ltr'>mihi</span> <span class='ocrx_word' id='word_1_51' title='bbox 286 720 338 755; x_wconf 93' lang='lat' dir='ltr'>non</span> <span class='ocrx_word' id='word_1_52' title='bbox 351 709 459 756; x_wconf 89' lang='lat' dir='ltr'>tentum</span> <span class='ocrx_word' id='word_1_53' title='bbox 470 703 593 772; x_wconf 78' lang='lat' dir='ltr'>furesque</span> <span class='ocrx_word' id='word_1_54' title='bbox 604 703 718 770; x_wconf 74' lang='lat' dir='ltr'>ferraque</span> <span class='ocrx_word' id='word_1_55' title='bbox 731 703 814 756; x_wconf 71' lang='lat' dir='ltr'>suetae</span> 
     </span>
     <span class='ocr_line' id='line_1_10' title="bbox 105 772 746 842; baseline -0.002 -16"><span class='ocrx_word' id='word_1_56' title='bbox 105 772 188 826; x_wconf 85' lang='lat' dir='ltr'>Hune</span> <span class='ocrx_word' id='word_1_57' title='bbox 200 790 295 826; x_wconf 83' lang='lat' dir='ltr'>vexere</span> <span class='ocrx_word' id='word_1_58' title='bbox 307 772 394 826; x_wconf 83' lang='lat' dir='ltr'>lecum</span> <span class='ocrx_word' id='word_1_59' title='bbox 407 791 477 827; x_wconf 81' lang='lat' dir='ltr'>eures</span> <span class='ocrx_word' id='word_1_60' title='bbox 490 781 552 826; x_wconf 88' lang='lat' dir='ltr'>sunt</span> <span class='ocrx_word' id='word_1_61' title='bbox 564 780 644 842; x_wconf 86' lang='lat' dir='ltr'>atque</span> <span class='ocrx_word' id='word_1_62' title='bbox 656 772 746 840; x_wconf 73' lang='lat' dir='ltr'>lebon&#39;,</span> 
     </span>
    </p>

    <p class='ocr_par' dir='ltr' id='par_1_9' title="bbox 104 841 899 1120">
     <span class='ocr_line' id='line_1_11' title="bbox 106 841 818 910; baseline 0.001 -16"><span class='ocrx_word' id='word_1_63' title='bbox 106 841 245 904; x_wconf 86' lang='lat' dir='ltr'>Quantum</span> <span class='ocrx_word' id='word_1_64' title='bbox 257 842 417 896; x_wconf 80' lang='lat' dir='ltr'>earminibus</span> <span class='ocrx_word' id='word_1_65' title='bbox 429 859 489 910; x_wconf 86' lang='lat' dir='ltr'>quae</span> <span class='ocrx_word' id='word_1_66' title='bbox 502 851 607 896; x_wconf 76' lang='lat' dir='ltr'><strong>versant</strong></span> <span class='ocrx_word' id='word_1_67' title='bbox 619 850 699 910; x_wconf 78' lang='lat' dir='ltr'>etque</span> <span class='ocrx_word' id='word_1_68' title='bbox 711 841 818 896; x_wconf 81' lang='lat' dir='ltr'>venenis</span> 
     </span>
     <span class='ocr_line' id='line_1_12' title="bbox 106 911 899 980; baseline 0 -16"><span class='ocrx_word' id='word_1_69' title='bbox 106 911 244 964; x_wconf 88' lang='lat' dir='ltr'>Humanos</span> <span class='ocrx_word' id='word_1_70' title='bbox 258 912 371 975; x_wconf 86' lang='lat' dir='ltr'>onimos;</span> <span class='ocrx_word' id='word_1_71' title='bbox 390 911 438 966; x_wconf 81' lang='lat' dir='ltr'>hee</span> <span class='ocrx_word' id='word_1_72' title='bbox 450 911 524 964; x_wconf 90' lang='lat' dir='ltr'>nullo</span> <span class='ocrx_word' id='word_1_73' title='bbox 537 913 644 980; x_wconf 78' lang='lat' dir='ltr'>perdere</span> <span class='ocrx_word' id='word_1_74' title='bbox 656 929 761 980; x_wconf 81' lang='lat' dir='ltr'>possum</span> <span class='ocrx_word' id='word_1_75' title='bbox 865 911 899 964; x_wconf 76' lang='lat'>20</span> 
     </span>
     <span class='ocr_line' id='line_1_13' title="bbox 105 979 832 1050; baseline 0.003 -18"><span class='ocrx_word' id='word_1_76' title='bbox 105 979 161 1034; x_wconf 84' lang='lat' dir='ltr'>Nee</span> <span class='ocrx_word' id='word_1_77' title='bbox 173 981 310 1050; x_wconf 87' lang='lat' dir='ltr'>prohibere</span> <span class='ocrx_word' id='word_1_78' title='bbox 322 980 406 1048; x_wconf 88' lang='lat' dir='ltr'>modo,</span> <span class='ocrx_word' id='word_1_79' title='bbox 419 981 498 1034; x_wconf 89' lang='lat' dir='ltr'>simul</span> <span class='ocrx_word' id='word_1_80' title='bbox 511 997 542 1034; x_wconf 86' lang='lat' dir='ltr'>ae</span> <span class='ocrx_word' id='word_1_81' title='bbox 555 999 622 1050; x_wconf 78' lang='lat' dir='ltr'>vage</span> <span class='ocrx_word' id='word_1_82' title='bbox 634 981 698 1034; x_wconf 83' lang='lat' dir='ltr'>luna</span> <span class='ocrx_word' id='word_1_83' title='bbox 709 982 832 1034; x_wconf 80' lang='lat' dir='ltr'>denorum</span> 
     </span>
     <span class='ocr_line' id='line_1_14' title="bbox 104 1049 819 1120; baseline 0 -16"><span class='ocrx_word' id='word_1_84' title='bbox 104 1049 222 1104; x_wconf 74' lang='lat' dir='ltr'><strong>Protulit</strong></span> <span class='ocrx_word' id='word_1_85' title='bbox 234 1067 269 1118; x_wconf 89' lang='lat' dir='ltr'>os,</span> <span class='ocrx_word' id='word_1_86' title='bbox 282 1051 347 1120; x_wconf 88' lang='lat' dir='ltr'>quin</span> <span class='ocrx_word' id='word_1_87' title='bbox 360 1069 417 1106; x_wconf 85' lang='lat' dir='ltr'>osea</span> <span class='ocrx_word' id='word_1_88' title='bbox 429 1051 519 1119; x_wconf 83' lang='lat' dir='ltr'>legant</span> <span class='ocrx_word' id='word_1_89' title='bbox 532 1051 676 1119; x_wconf 74' lang='lat' dir='ltr'>herbasque</span> <span class='ocrx_word' id='word_1_90' title='bbox 689 1058 819 1104; x_wconf 85' lang='lat' dir='ltr'>nocentes.</span> 
     </span>
    </p>

    <p class='ocr_par' dir='ltr' id='par_1_10' title="bbox 106 1117 738 1240">
     <span class='ocr_line' id='line_1_15' title="bbox 106 1117 738 1240; baseline 0 -68"><span class='ocrx_word' id='word_1_91' title='bbox 106 1117 169 1174; x_wconf 85' lang='lat' dir='ltr'>Vidi</span> <span class='ocrx_word' id='word_1_92' title='bbox 182 1127 284 1188; x_wconf 80' lang='lat' dir='ltr'>egomet</span> <span class='ocrx_word' id='word_1_93' title='bbox 297 1121 373 1189; x_wconf 82' lang='lat' dir='ltr'>nigra</span> <span class='ocrx_word' id='word_1_94' title='bbox 385 1121 547 1174; x_wconf 78' lang='lat' dir='ltr'>succinctam</span> <span class='ocrx_word' id='word_1_95' title='bbox 560 1120 653 1174; x_wconf 80' lang='lat' dir='ltr'>vedere</span> <span class='ocrx_word' id='word_1_96' title='bbox 666 1120 738 1240; x_wconf 48' lang='grc' dir='ltr'>μοι</span> 
     </span>
    </p>

    <p class='ocr_par' dir='ltr' id='par_1_11' title="bbox 106 1187 714 1259">
     <span class='ocr_line' id='line_1_16' title="bbox 106 1187 714 1259; baseline -0.005 -15"><span class='ocrx_word' id='word_1_97' title='bbox 106 1187 244 1244; x_wconf 72' lang='lat' dir='ltr'><strong>Canidiam</strong></span> <span class='ocrx_word' id='word_1_98' title='bbox 257 1190 367 1259; x_wconf 88' lang='lat' dir='ltr'>pedibus</span> <span class='ocrx_word' id='word_1_99' title='bbox 380 1190 459 1244; x_wconf 86' lang='lat' dir='ltr'>nudis</span> <span class='ocrx_word' id='word_1_100' title='bbox 471 1207 598 1258; x_wconf 78' lang='lat' dir='ltr'>pesteque</span> <span class='ocrx_word' id='word_1_101' title='bbox 611 1190 668 1257; x_wconf 80' lang='lat' dir='ltr'>cepi</span> <span class='ocrx_word' id='word_1_102' title='bbox 691 1205 714 1255; x_wconf 81' lang='lat' dir='ltr'>o,</span> 
     </span>
    </p>

    <p class='ocr_par' dir='ltr' id='par_1_12' title="bbox 105 1257 812 1538">
     <span class='ocr_line' id='line_1_17' title="bbox 105 1257 812 1382; baseline -0.001 -68"><span class='ocrx_word' id='word_1_103' title='bbox 105 1259 173 1314; x_wconf 77' lang='lat' dir='ltr'>(lum</span> <span class='ocrx_word' id='word_1_104' title='bbox 185 1259 289 1382; x_wconf 42' lang='lat' dir='ltr'>Sequere</span> <span class='ocrx_word' id='word_1_105' title='bbox 300 1261 398 1328; x_wconf 85' lang='lat' dir='ltr'>mujore</span> <span class='ocrx_word' id='word_1_106' title='bbox 411 1259 573 1313; x_wconf 74' lang='lat' dir='ltr'>ululantem:</span> <span class='ocrx_word' id='word_1_107' title='bbox 592 1257 675 1328; x_wconf 88' lang='lat' dir='ltr'>pellor</span> <span class='ocrx_word' id='word_1_108' title='bbox 688 1269 812 1329; x_wconf 82' lang='lat' dir='ltr'>utresque</span> 
     </span>
     <span class='ocr_line' id='line_1_18' title="bbox 106 1320 783 1398; baseline 0.001 -16"><span class='ocrx_word' id='word_1_109' title='bbox 106 1327 216 1384; x_wconf 73' lang='lat' dir='ltr'>Fecerat</span> <span class='ocrx_word' id='word_1_110' title='bbox 248 1329 370 1384; x_wconf 86' lang='lat' dir='ltr'>orrendas</span> <span class='ocrx_word' id='word_1_111' title='bbox 382 1320 516 1398; x_wconf 48' lang='lat' dir='ltr'>adsW&#39;Ms.</span> <span class='ocrx_word' id='word_1_112' title='bbox 552 1327 610 1382; x_wconf 75' lang='lat' dir='ltr'>ecel</span> <span class='ocrx_word' id='word_1_113' title='bbox 631 1347 673 1382; x_wconf 88' lang='lat' dir='ltr'>ere</span> <span class='ocrx_word' id='word_1_114' title='bbox 685 1338 783 1383; x_wconf 85' lang='lat' dir='ltr'>terram</span> 
     </span>
     <span class='ocr_line' id='line_1_19' title="bbox 106 1347 788 1480; baseline 0 -28"><span class='ocrx_word' id='word_1_115' title='bbox 106 1397 248 1468; x_wconf 75' lang='lat' dir='ltr'>Unguibus</span> <span class='ocrx_word' id='word_1_116' title='bbox 260 1406 288 1454; x_wconf 86' lang='lat' dir='ltr'>et</span> <span class='ocrx_word' id='word_1_117' title='bbox 299 1399 400 1468; x_wconf 89' lang='lat' dir='ltr'>pullam</span> <span class='ocrx_word' id='word_1_118' title='bbox 413 1399 536 1452; x_wconf 88' lang='lat' dir='ltr'>divellere</span> <span class='ocrx_word' id='word_1_119' title='bbox 549 1347 679 1480; x_wconf 53' lang='grc' dir='ltr'>ώε</span> <span class='ocrx_word' id='word_1_120' title='bbox 691 1415 788 1468; x_wconf 81' lang='lat' dir='ltr'>agnem</span> 
     </span>
     <span class='ocr_line' id='line_1_20' title="bbox 106 1455 766 1538; baseline 0 -16"><span class='ocrx_word' id='word_1_121' title='bbox 106 1467 261 1538; x_wconf 79' lang='lat' dir='ltr'>Coeperunt3</span> <span class='ocrx_word' id='word_1_122' title='bbox 280 1455 395 1522; x_wconf 71' lang='lat' dir='ltr'>cru‘i&#39;i&#39;ilr</span> <span class='ocrx_word' id='word_1_123' title='bbox 408 1471 504 1523; x_wconf 85' lang='lat' dir='ltr'>fossam</span> <span class='ocrx_word' id='word_1_124' title='bbox 516 1470 646 1532; x_wconf 84' lang='lat' dir='ltr'>confusus,</span> <span class='ocrx_word' id='word_1_125' title='bbox 660 1477 691 1522; x_wconf 90' lang='lat' dir='ltr'>ut</span> <span class='ocrx_word' id='word_1_126' title='bbox 704 1469 766 1522; x_wconf 85' lang='lat' dir='ltr'>inde</span> 
     </span>
    </p>

    <p class='ocr_par' dir='ltr' id='par_1_13' title="bbox 106 1537 722 1606">
     <span class='ocr_line' id='line_1_21' title="bbox 106 1537 722 1606; baseline 0.002 -15"><span class='ocrx_word' id='word_1_127' title='bbox 106 1538 202 1592; x_wconf 88' lang='lat' dir='ltr'>Manes</span> <span class='ocrx_word' id='word_1_128' title='bbox 215 1538 346 1606; x_wconf 76' lang='lat' dir='ltr'>elicerent,</span> <span class='ocrx_word' id='word_1_129' title='bbox 359 1541 459 1594; x_wconf 73' lang='lat' dir='ltr'>animas</span> <span class='ocrx_word' id='word_1_130' title='bbox 472 1556 595 1606; x_wconf 78' lang='lat' dir='ltr'>responsa</span> <span class='ocrx_word' id='word_1_131' title='bbox 607 1537 722 1592; x_wconf 85' lang='lat' dir='ltr'>daturas.</span> 
     </span>
    </p>

    <p class='ocr_par' dir='ltr' id='par_1_14' title="bbox 105 1607 902 1747">
     <span class='ocr_line' id='line_1_22' title="bbox 105 1607 902 1676; baseline 0 -15"><span class='ocrx_word' id='word_1_132' title='bbox 105 1607 195 1661; x_wconf 78' lang='lat' dir='ltr'>Ianea</span> <span class='ocrx_word' id='word_1_133' title='bbox 206 1615 233 1661; x_wconf 91' lang='lat' dir='ltr'>et</span> <span class='ocrx_word' id='word_1_134' title='bbox 246 1607 344 1676; x_wconf 81' lang='lat' dir='ltr'>effigies</span> <span class='ocrx_word' id='word_1_135' title='bbox 357 1619 421 1674; x_wconf 84' lang='lat' dir='ltr'>eret,</span> <span class='ocrx_word' id='word_1_136' title='bbox 433 1609 517 1662; x_wconf 86' lang='lat' dir='ltr'>altera</span> <span class='ocrx_word' id='word_1_137' title='bbox 529 1625 617 1669; x_wconf 87' lang='lat' dir='ltr'>eerea;</span> <span class='ocrx_word' id='word_1_138' title='bbox 636 1609 719 1675; x_wconf 84' lang='lat' dir='ltr'>major</span> <span class='ocrx_word' id='word_1_139' title='bbox 867 1607 902 1661; x_wconf 77' lang='grc'>30</span> 
     </span>
     <span class='ocr_line' id='line_1_23' title="bbox 105 1676 726 1747; baseline 0 -17"><span class='ocrx_word' id='word_1_140' title='bbox 105 1676 201 1744; x_wconf 72' lang='lat' dir='ltr'>Irenae,</span> <span class='ocrx_word' id='word_1_141' title='bbox 214 1696 271 1747; x_wconf 83' lang='lat' dir='ltr'>quse</span> <span class='ocrx_word' id='word_1_142' title='bbox 285 1678 368 1746; x_wconf 90' lang='lat' dir='ltr'>poenis</span> <span class='ocrx_word' id='word_1_143' title='bbox 381 1695 438 1732; x_wconf 89' lang='lat' dir='ltr'>eom</span> <span class='ocrx_word' id='word_1_144' title='bbox 458 1695 515 1730; x_wconf 88' lang='lat' dir='ltr'>esee</span> <span class='ocrx_word' id='word_1_145' title='bbox 529 1685 555 1728; x_wconf 88' lang='lat' dir='ltr'>et</span> <span class='ocrx_word' id='word_1_146' title='bbox 568 1677 726 1730; x_wconf 82' lang='lat' dir='ltr'>inferiorem.</span> 
     </span>
    </p>

    <p class='ocr_par' dir='ltr' id='par_1_15' title="bbox 107 1695 727 1866">
     <span class='ocr_line' id='line_1_24' title="bbox 107 1695 727 1866; baseline -0.005 -65"><span class='ocrx_word' id='word_1_147' title='bbox 107 1747 187 1802; x_wconf 81' lang='lat' dir='ltr'>Oeree</span> <span class='ocrx_word' id='word_1_148' title='bbox 199 1748 353 1817; x_wconf 81' lang='lat' dir='ltr'>suppliciter</span> <span class='ocrx_word' id='word_1_149' title='bbox 366 1695 612 1804; x_wconf 48' lang='lat' dir='ltr'>semiferinum</span> <span class='ocrx_word' id='word_1_150' title='bbox 625 1755 655 1799; x_wconf 86' lang='lat' dir='ltr'>ut</span> <span class='ocrx_word' id='word_1_151' title='bbox 668 1762 727 1866; x_wconf 66' lang='lat' dir='ltr'>&lt;pres</span> 
     </span>
    </p>

    <p class='ocr_par' dir='ltr' id='par_1_16' title="bbox 105 1816 859 1956">
     <span class='ocr_line' id='line_1_25' title="bbox 105 1816 859 1888; baseline -0.005 -16"><span class='ocrx_word' id='word_1_152' title='bbox 105 1816 127 1872; x_wconf 80' lang='lat' dir='ltr'>J</span> <span class='ocrx_word' id='word_1_153' title='bbox 127 1835 170 1874; x_wconf 88' lang='lat' dir='ltr'>am</span> <span class='ocrx_word' id='word_1_154' title='bbox 183 1818 301 1888; x_wconf 85' lang='lat' dir='ltr'>periture</span> <span class='ocrx_word' id='word_1_155' title='bbox 312 1818 403 1870; x_wconf 86' lang='lat' dir='ltr'>modis.</span> <span class='ocrx_word' id='word_1_156' title='bbox 441 1816 559 1868; x_wconf 81' lang='lat' dir='ltr'>Hecaten</span> <span class='ocrx_word' id='word_1_157' title='bbox 573 1827 648 1868; x_wconf 86' lang='lat' dir='ltr'>vocat</span> <span class='ocrx_word' id='word_1_158' title='bbox 660 1834 675 1868; x_wconf 82' lang='lat' dir='ltr'>e</span> <span class='ocrx_word' id='word_1_159' title='bbox 686 1824 750 1879; x_wconf 84' lang='lat' dir='ltr'>tere,</span> <span class='ocrx_word' id='word_1_160' title='bbox 762 1827 859 1870; x_wconf 69' lang='lat' dir='ltr'>serent</span> 
     </span>
     <span class='ocr_line' id='line_1_26' title="bbox 106 1885 759 1956; baseline -0.006 -16"><span class='ocrx_word' id='word_1_161' title='bbox 106 1887 199 1942; x_wconf 78' lang='lat' dir='ltr'>Altero</span> <span class='ocrx_word' id='word_1_162' title='bbox 211 1887 377 1956; x_wconf 81' lang='lat' dir='ltr'>Tisiphonen.</span> <span class='ocrx_word' id='word_1_163' title='bbox 414 1886 553 1955; x_wconf 84' lang='lat' dir='ltr'>Serpentes</span> <span class='ocrx_word' id='word_1_164' title='bbox 565 1894 646 1950; x_wconf 75' lang='lat' dir='ltr'>atoue</span> <span class='ocrx_word' id='word_1_165' title='bbox 660 1885 759 1937; x_wconf 85' lang='lat' dir='ltr'>videres</span> 
     </span>
    </p>

    <p class='ocr_par' dir='ltr' id='par_1_17' title="bbox 106 1955 737 2023">
     <span class='ocr_line' id='line_1_27' title="bbox 106 1955 737 2023; baseline -0.006 -13"><span class='ocrx_word' id='word_1_166' title='bbox 106 1956 228 2012; x_wconf 84' lang='lat' dir='ltr'>Infernae</span> <span class='ocrx_word' id='word_1_167' title='bbox 240 1974 326 2010; x_wconf 86' lang='lat' dir='ltr'>errare</span> <span class='ocrx_word' id='word_1_168' title='bbox 339 1974 424 2020; x_wconf 79' lang='lat' dir='ltr'>eones,</span> <span class='ocrx_word' id='word_1_169' title='bbox 437 1957 580 2023; x_wconf 75' lang='lat' dir='ltr'>lunamque</span> <span class='ocrx_word' id='word_1_170' title='bbox 592 1955 737 2016; x_wconf 83' lang='lat' dir='ltr'>rubentem,</span> 
     </span>
    </p>

    <p class='ocr_par' dir='ltr' id='par_1_18' title="bbox 104 2023 896 2302">
     <span class='ocr_line' id='line_1_28' title="bbox 105 2023 808 2094; baseline -0.007 -12"><span class='ocrx_word' id='word_1_171' title='bbox 105 2027 147 2082; x_wconf 86' lang='lat' dir='ltr'>Ne</span> <span class='ocrx_word' id='word_1_172' title='bbox 159 2027 227 2080; x_wconf 86' lang='lat' dir='ltr'>foret</span> <span class='ocrx_word' id='word_1_173' title='bbox 239 2027 281 2080; x_wconf 86' lang='lat' dir='ltr'>his</span> <span class='ocrx_word' id='word_1_174' title='bbox 294 2027 376 2090; x_wconf 85' lang='lat' dir='ltr'>testis,</span> <span class='ocrx_word' id='word_1_175' title='bbox 389 2034 447 2094; x_wconf 83' lang='lat' dir='ltr'>post</span> <span class='ocrx_word' id='word_1_176' title='bbox 459 2043 557 2093; x_wconf 84' lang='lat' dir='ltr'>magns</span> <span class='ocrx_word' id='word_1_177' title='bbox 569 2025 651 2078; x_wconf 86' lang='lat' dir='ltr'>latere</span> <span class='ocrx_word' id='word_1_178' title='bbox 664 2023 808 2092; x_wconf 76' lang='lat' dir='ltr'>sepulchre.</span> 
     </span>
     <span class='ocr_line' id='line_1_29' title="bbox 104 2093 798 2165; baseline -0.009 -15"><span class='ocrx_word' id='word_1_179' title='bbox 104 2093 222 2150; x_wconf 87' lang='lat' dir='ltr'>Mentior</span> <span class='ocrx_word' id='word_1_180' title='bbox 234 2106 263 2150; x_wconf 85' lang='lat' dir='ltr'>et</span> <span class='ocrx_word' id='word_1_181' title='bbox 275 2096 297 2148; x_wconf 94' lang='lat' dir='ltr'>si</span> <span class='ocrx_word' id='word_1_182' title='bbox 310 2096 381 2165; x_wconf 84' lang='lat' dir='ltr'>quid,</span> <span class='ocrx_word' id='word_1_183' title='bbox 395 2096 491 2148; x_wconf 89' lang='lat' dir='ltr'>merdis</span> <span class='ocrx_word' id='word_1_184' title='bbox 504 2106 585 2164; x_wconf 86' lang='lat' dir='ltr'>eaput</span> <span class='ocrx_word' id='word_1_185' title='bbox 598 2095 719 2162; x_wconf 84' lang='lat' dir='ltr'>inquiner</span> <span class='ocrx_word' id='word_1_186' title='bbox 731 2093 798 2146; x_wconf 82' lang='lat' dir='ltr'>albis</span> 
     </span>
     <span class='ocr_line' id='line_1_30' title="bbox 105 2154 896 2234; baseline -0.001 -15"><span class='ocrx_word' id='word_1_187' title='bbox 105 2165 256 2229; x_wconf 76' lang='lat' dir='ltr'>Corsorum,</span> <span class='ocrx_word' id='word_1_188' title='bbox 268 2173 348 2234; x_wconf 86' lang='lat' dir='ltr'>etque</span> <span class='ocrx_word' id='word_1_189' title='bbox 361 2167 388 2217; x_wconf 89' lang='lat' dir='ltr'>in</span> <span class='ocrx_word' id='word_1_190' title='bbox 402 2165 546 2220; x_wconf 51' lang='lat' dir='ltr'>deleniat</span> <span class='ocrx_word' id='word_1_191' title='bbox 558 2154 762 2232; x_wconf 67' lang='lat' dir='ltr'>mictiini&#39;ietque</span> <span class='ocrx_word' id='word_1_192' title='bbox 774 2167 896 2218; x_wconf 73' lang='lat' dir='ltr'>aarum</span> 
     </span>
     <span class='ocr_line' id='line_1_31' title="bbox 106 2234 734 2302; baseline -0.008 -12"><span class='ocrx_word' id='word_1_193' title='bbox 106 2234 198 2290; x_wconf 83' lang='lat' dir='ltr'>Julius</span> <span class='ocrx_word' id='word_1_194' title='bbox 211 2243 238 2288; x_wconf 89' lang='lat' dir='ltr'>et</span> <span class='ocrx_word' id='word_1_195' title='bbox 250 2235 353 2302; x_wconf 84' lang='lat' dir='ltr'>fragilis</span> <span class='ocrx_word' id='word_1_196' title='bbox 367 2235 487 2288; x_wconf 77' lang='lat' dir='ltr'>Pediatia</span> <span class='ocrx_word' id='word_1_197' title='bbox 500 2236 595 2302; x_wconf 80' lang='lat' dir='ltr'>furque</span> <span class='ocrx_word' id='word_1_198' title='bbox 609 2235 734 2287; x_wconf 86' lang='lat' dir='ltr'>Vorenus.</span> 
     </span>
    </p>

    <p class='ocr_par' dir='ltr' id='par_1_19' title="bbox 106 2302 903 2582">
     <span class='ocr_line' id='line_1_32' title="bbox 106 2302 903 2376; baseline -0.009 -16"><span class='ocrx_word' id='word_1_199' title='bbox 106 2305 153 2360; x_wconf 79' lang='lat' dir='ltr'>sin</span> <span class='ocrx_word' id='word_1_200' title='bbox 175 2303 289 2376; x_wconf 87' lang='lat' dir='ltr'>ulaqnid</span> <span class='ocrx_word' id='word_1_201' title='bbox 299 2321 439 2358; x_wconf 86' lang='lat' dir='ltr'>memorem</span> <span class='ocrx_word' id='word_1_202' title='bbox 449 2305 457 2354; x_wconf 86' lang='lat' dir='ltr'>l</span> <span class='ocrx_word' id='word_1_203' title='bbox 470 2323 522 2373; x_wconf 91' lang='lat' dir='ltr'>quo</span> <span class='ocrx_word' id='word_1_204' title='bbox 532 2305 715 2371; x_wconf 84' lang='lat' dir='ltr'>paetonlterne</span> <span class='ocrx_word' id='word_1_205' title='bbox 725 2302 860 2372; x_wconf 83' lang='lat' dir='ltr'>loquentes</span> <span class='ocrx_word' id='word_1_206' title='bbox 869 2303 903 2353; x_wconf 81' lang='lat'>40</span> 
     </span>
     <span class='ocr_line' id='line_1_33' title="bbox 106 2323 825 2441; baseline -0.007 -12"><span class='ocrx_word' id='word_1_207' title='bbox 106 2323 213 2430; x_wconf 68' lang='lat' dir='ltr'>Umira</span> <span class='ocrx_word' id='word_1_208' title='bbox 226 2392 285 2428; x_wconf 87' lang='lat' dir='ltr'>eum</span> <span class='ocrx_word' id='word_1_209' title='bbox 300 2373 404 2441; x_wconf 75' lang='lat' dir='ltr'>Sagana</span> <span class='ocrx_word' id='word_1_210' title='bbox 415 2385 568 2426; x_wconf 78' lang='lat' dir='ltr'>resonarent</span> <span class='ocrx_word' id='word_1_211' title='bbox 581 2375 655 2425; x_wconf 88' lang='lat' dir='ltr'>triste</span> <span class='ocrx_word' id='word_1_212' title='bbox 669 2385 825 2441; x_wconf 79' lang='lat' dir='ltr'>etecusam,</span> 
     </span>
     <span class='ocr_line' id='line_1_34' title="bbox 106 2443 770 2516; baseline -0.005 -17"><span class='ocrx_word' id='word_1_213' title='bbox 106 2444 196 2512; x_wconf 79' lang='lat' dir='ltr'>thue</span> <span class='ocrx_word' id='word_1_214' title='bbox 209 2444 266 2516; x_wconf 89' lang='lat' dir='ltr'>lupi</span> <span class='ocrx_word' id='word_1_215' title='bbox 280 2443 388 2496; x_wconf 88' lang='lat' dir='ltr'>barbam</span> <span class='ocrx_word' id='word_1_216' title='bbox 403 2444 480 2498; x_wconf 66' lang='lat' dir='ltr'>variae</span> <span class='ocrx_word' id='word_1_217' title='bbox 494 2461 554 2496; x_wconf 86' lang='lat' dir='ltr'>cum</span> <span class='ocrx_word' id='word_1_218' title='bbox 568 2443 645 2495; x_wconf 85' lang='lat' dir='ltr'>dente</span> <span class='ocrx_word' id='word_1_219' title='bbox 659 2443 770 2496; x_wconf 70' lang='lat' dir='ltr'>celebres</span> 
     </span>
     <span class='ocr_line' id='line_1_35' title="bbox 107 2513 724 2582; baseline -0.005 -14"><span class='ocrx_word' id='word_1_220' title='bbox 107 2513 267 2568; x_wconf 86' lang='lat' dir='ltr'>Abdiderint</span> <span class='ocrx_word' id='word_1_221' title='bbox 280 2513 374 2568; x_wconf 87' lang='lat' dir='ltr'>furtim</span> <span class='ocrx_word' id='word_1_222' title='bbox 387 2514 470 2576; x_wconf 82' lang='lat' dir='ltr'>terris,</span> <span class='ocrx_word' id='word_1_223' title='bbox 483 2523 510 2567; x_wconf 88' lang='lat' dir='ltr'>et</span> <span class='ocrx_word' id='word_1_224' title='bbox 523 2514 637 2582; x_wconf 73' lang='lat' dir='ltr'>linegine</span> <span class='ocrx_word' id='word_1_225' title='bbox 651 2530 724 2566; x_wconf 84' lang='lat' dir='ltr'>cerea</span> 
     </span>
    </p>

    <p class='ocr_par' dir='ltr' id='par_1_20' title="bbox 108 2583 764 2712">
     <span class='ocr_line' id='line_1_36' title="bbox 108 2583 761 2655; baseline -0.009 -13"><span class='ocrx_word' id='word_1_226' title='bbox 108 2584 216 2655; x_wconf 71' lang='lat' dir='ltr'>Largior</span> <span class='ocrx_word' id='word_1_227' title='bbox 228 2585 321 2640; x_wconf 85' lang='lat' dir='ltr'>arserit</span> <span class='ocrx_word' id='word_1_228' title='bbox 335 2583 411 2652; x_wconf 81' lang='lat' dir='ltr'>ignis,</span> <span class='ocrx_word' id='word_1_229' title='bbox 425 2591 451 2636; x_wconf 86' lang='lat' dir='ltr'>et</span> <span class='ocrx_word' id='word_1_230' title='bbox 464 2591 495 2636; x_wconf 90' lang='lat' dir='ltr'>ut</span> <span class='ocrx_word' id='word_1_231' title='bbox 508 2601 559 2638; x_wconf 88' lang='lat' dir='ltr'>non</span> <span class='ocrx_word' id='word_1_232' title='bbox 573 2584 647 2636; x_wconf 85' lang='lat' dir='ltr'>tostis</span> <span class='ocrx_word' id='word_1_233' title='bbox 660 2583 761 2636; x_wconf 86' lang='lat' dir='ltr'>inultus</span> 
     </span>
     <span class='ocr_line' id='line_1_37' title="bbox 109 2649 764 2712; baseline -0.005 -3"><span class='ocrx_word' id='word_1_234' title='bbox 109 2649 265 2712; x_wconf 86' lang='lat' dir='ltr'>Horruerim</span> <span class='ocrx_word' id='word_1_235' title='bbox 277 2672 352 2710; x_wconf 84' lang='lat' dir='ltr'>voees</span> <span class='ocrx_word' id='word_1_236' title='bbox 365 2653 506 2710; x_wconf 81' lang='lat' dir='ltr'>Furiarum</span> <span class='ocrx_word' id='word_1_237' title='bbox 517 2663 545 2708; x_wconf 89' lang='lat' dir='ltr'>et</span> <span class='ocrx_word' id='word_1_238' title='bbox 557 2654 629 2708; x_wconf 82' lang='lat' dir='ltr'>laeta</span> <span class='ocrx_word' id='word_1_239' title='bbox 641 2654 764 2708; x_wconf 84' lang='lat' dir='ltr'>duarum.</span> 
     </span>
    </p>
   </div>
   <div class='ocr_carea' id='block_1_3' title="bbox 0 0 1014 2810">
    <p class='ocr_par' dir='ltr' id='par_1_21' title="bbox 0 0 1014 2810">
     <span class='ocr_line' id='line_1_38' title="bbox 0 0 1014 2810; baseline 0 0"><span class='ocrx_word' id='word_1_240' title='bbox 0 0 1014 2810; x_wconf 95' lang='lat' dir='ltr'> </span> 
     </span>
    </p>
   </div>
  </div>
 </body>
</html>
