2014 2810
58 111 92 162 94
374 103 524 161 liaustu

160 217 221 276 Non
232 223 294 276 anto
306 217 428 289 vulgatas
439 236 486 290 per
497 221 567 272 artes

193 291 280 347 Verba
289 293 382 362 loquor
393 291 515 346 socianda
526 287 642 346 ehordiet

122 360 149 415 N
149 378 190 430 on,
202 363 225 416 si
254 363 334 416 riores
345 361 473 416 Maeonius
484 365 558 414 tenet

122 430 201 486 Sedes
241 450 350 500 omaus,
361 431 508 485 Pindarieae
519 429 605 484 latent

162 501 270 573 (lemque
282 508 309 558 et
320 502 405 558 Aleoei
414 501 529 555 minaces

191 571 383 642 Stesichorique
395 588 487 642 graves
499 570 632 635 Camenae3

121 641 186 712 Nec,
197 643 220 696 si
231 643 296 714 quid
308 643 371 698 olim
426 643 447 695 't
458 641 601 708 Anacreon,

121 712 227 768 Delevit
239 719 316 779 ειυς
333 714 372 783 ep'
428 711 515 765 adhuc
526 727 599 764 amor

155 781 308 853 Vivuntque
320 779 559 836 commissi‘calores

189 853 281 906 AEoliae
293 852 390 906 fidibus
401 851 505 922 puellae.

119 921 180 976 Non
192 922 246 976 sola
257 927 373 993 comptos
385 923 449 976 arsit
460 919 575 975 adulteri

120 991 209 1048 Orines
221 998 249 1047 et
260 1006 354 1046 aurum
365 992 481 1047 restibus
492 991 593 1046 illitum

153 1060 253 1117 Mirata
263 1063 363 1133 regales
381 1080 414 1116 ue
426 1062 515 1116 cultus

188 1131 224 1187 Et
235 1135 343 1188 comites
383 1131 456 1186 elene
468 1131 587 1200 Locoeua,

118 1201 256 1258 Primurvo
268 1203 366 1258 Teucer
377 1201 431 1257 tela
443 1201 558 1272 cydonio

118 1271 225 1328 Direxit
235 1290 300 1328 areu
306 1293 314 1340 3
331 1290 385 1328 non
396 1273 476 1326 semel
488 1273 562 1326 Ilios'

153 1342 272 1409 Vexato;
289 1361 343 1398 non
373 1343 484 1413 ugmvia
495 1342 588 1411 ingens

186 1413 342 1468 Idomeneus
353 1361 526 1468 &thenelusve
537 1411 607 1465 solus

117 1481 236 1538 Dicenda
247 1483 332 1538 Musis
342 1482 450 1554 proelia;
467 1499 521 1537 uon
531 1482 606 1535 ferox

117 1553 218 1608 Hector
229 1553 272 1608 vel
284 1571 343 1608 acer
354 1552 507 1624 Deiphobus
518 1569 611 1622 gram

150 1623 264 1695 Excepit
274 1624 344 1678 ictus
356 1641 403 1694 pro
414 1623 518 1694 pudicis

186 1694 346 1764 Oonjugibus
357 1694 495 1764 puerisque
507 1691 615 1764 primus.

117 1762 214 1818 Vixere
225 1765 306 1818 fortes
317 1771 380 1818 ante
392 1766 590 1833 Agamemnona

115 1831 213 1901 Multi;
230 1834 276 1889 sed
286 1851 375 1888 omnes
386 1833 580 1888 illacrimabiles

90 1961 92 1964 ,
151 1903 286 1973 Urgentur
296 1905 434 1974 ignotique
445 1904 526 1974 longa

184 1973 277 2043 Nocte,
290 1982 381 2028 carent
393 1975 456 2045 quia
467 1982 529 2028 vete
540 1990 620 2030 sacro.

116 2041 242 2098 Paullum
253 2045 363 2115 sepultae
375 2044 458 2098 distat
469 2045 572 2098 inertie

116 2113 207 2169 celsas
218 2115 309 2170 virtus.
343 2114 404 2168 Non
416 2132 464 2184 ego
476 2121 504 2168 te
515 2113 580 2168 meis

150 2183 254 2238 Obortis
265 2186 417 2239 inornatum
428 2183 516 2254 silebo,

183 2255 265 2308 lotve
277 2261 337 2309 tuos
348 2255 435 2326 patiar
445 2253 546 2309 labores

115 2322 157 2376 Im
176 2341 236 2392 une,
248 2323 323 2392 Lolli,
335 2342 441 2395 carpere
453 2325 548 2379 lividae

116 2342 272 2448 oblviones
306 2394 356 2448 Est
367 2395 470 2449 animus
482 2395 532 2448 tibi

149 2462 300 2532 Rerumque
311 2464 426 2533 prudens
438 2471 465 2518 et
478 2465 598 2519 secundis

138 2601 139 2604 Ἴ
183 2532 353 2602 Temporibus
365 2534 502 2604 dubiisque
512 2542 600 2589 rectus
606 2555 615 2601 ;

143 2601 221 2656 '‘rdex
232 2618 318 2656 avarae
328 2603 431 2657 fraudis
441 2613 468 2658 ot
480 2603 615 2660 abstinens

170 2671 242 2734 entis
253 2671 288 2728 ad
299 2689 327 2729 ao
339 2679 434 2729 cuncta
444 2674 572 2747 pecunie,
