2006 2814
422 21 576 79 Heau'rrr

214 238 392 294 EPISTOLA
410 239 517 294 X.-rn
531 250 640 290 ruscum
653 217 801 290 arirsmun.

115 339 203 391 Ueris
216 349 360 392 amatorem
373 338 487 390 Fuscum
501 337 599 390 salvere
608 337 730 406 jubemus

115 408 194 460 Ruris
207 417 342 468 amatores
356 407 405 460 hac
418 409 446 459 in
459 425 486 459 re
499 407 598 459 scilicet
612 424 665 459 una

115 477 234 530 Multum
247 478 393 541 dissimiles
406 487 434 530 at
447 486 534 529 cetera
547 494 621 544 paene
633 475 746 544 gemelli,

114 546 249 600 Fraterno
262 548 356 600 animis
369 519 443 616 qiridr
444 547 498 615 [uid
511 555 592 614 negat
604 546 671 598 alter
683 553 710 598 et
722 545 800 612 alter,

116 615 267 669 Annuirnus
280 618 379 686 pariter
391 615 475 668 vetuli
488 617 596 682 notique
609 615 730 668 columbi.

115 686 153 739 Τιι
168 687 261 739 nidum
274 703 375 749 servas;
394 703 441 754 ego
454 686 533 738 laudo
545 686 613 738 ruris
625 685 723 737 amoeni

116 755 195 808 Rivos
207 765 234 808 et
247 773 334 807 musco
347 727 496 808 oiicumlita
508 773 571 807 saxa
586 771 737 822 nemusque.

117 825 189 886 Quid
203 825 313 892 qumis?
351 825 457 876 Vivot
431 831 457 876 et
470 843 557 892 regno,
570 824 647 875 simul
662 825 714 876 ista
725 822 829 892 reliqui,

117 894 181 958 Quae
194 912 239 946 vos
252 894 284 946 ad
299 893 395 946 ooelum
407 894 481 946 fortis
494 911 597 946 rumore
610 894 737 947 secundo:
984 939 985 962 ,

117 963 207 1032 thue
220 963 359 1016 sacerdotis
372 964 501 1029 fugitivus
514 963 568 1014 liba
580 981 685 1025 recuso;
878 966 913 1016 10
984 965 985 990 ³

117 1032 189 1084 Pane
202 1050 265 1102 egeo
274 1035 331 1101 jam
343 1033 451 1085 mellitis
464 1034 563 1102 potiore
576 1033 711 1101 placentis.

118 1102 213 1155 Vivere
225 1110 326 1155 naturae
340 1103 361 1154 si
374 1105 559 1154 convenienter
571 1109 681 1224 oportet,

118 1171 303 1240 Ponendaeque
316 1173 392 1224 domo
405 1173 545 1240 quaerenda
557 1179 596 1224 est
609 1189 669 1224 area
681 1172 803 1242 primum.

118 1241 256 1294 Novistine
268 1243 356 1294 locum
369 1241 495 1310 potiorem
507 1259 567 1293 rure
579 1241 672 1294 beatol

118 1311 167 1364 Est
181 1311 224 1363 ubi
239 1311 297 1380 plus
311 1317 418 1379 tepeant
407 1311 536 1375 thiomes‚
549 1311 593 1362 ubi
606 1311 705 1378 gratior
717 1328 782 1364 aura

118 1381 213 1434 Leniat
225 1389 252 1432 et
265 1381 363 1434 rabiem
376 1380 453 1432 Oanis
466 1388 493 1432 et
505 1389 638 1433 momenta
652 1381 751 1448 Leonis,

120 1451 208 1514 Quum
221 1449 299 1502 semel
313 1449 414 1518 aceepit
427 1449 511 1502 Solem
524 1450 684 1502 furibundus
696 1449 823 1503 acutuml

120 1519 168 1573 Est
181 1520 226 1572 ubi
239 1519 348 1572 divellat
361 1537 462 1572 somnos
475 1519 563 1572 minus
576 1519 666 1572 invida
678 1519 758 1572 curel

120 1588 244 1643 Deterius
257 1589 304 1642 Lib
296 1589 361 1657 rycis
373 1589 485 1642 olett
438 1596 485 1642 aut
498 1591 566 1642 nitet
555 1589 659 1642 therba
671 1588 788 1658 lapillisl

120 1658 233 1712 Purior
227 1677 254 1711 m
268 1659 332 1712 vicis
345 1677 413 1727 aqua
426 1660 513 1712 tendit
525 1677 647 1727 rumpere
660 1659 805 1728 plumbum,
877 1662 912 1710 20

121 1728 206 1793 Quam
216 1746 273 1798 quie
284 1747 331 1798 per
343 1746 454 1810 pronum
467 1729 650 1798 trepidatcuur
663 1746 799 1781 murmure
806 1726 911 1781 rrvuml
984 1739 985 1742 ’

121 1797 222 1868 Nempe
235 1799 303 1851 inter
317 1800 401 1851 varias
413 1800 499 1852 nutrit
488 1807 532 1852 tur
544 1800 611 1851 silva
623 1798 757 1850 columnas

121 1867 310 1936 Laudaturque
322 1869 421 1931 domus,
435 1869 526 1936 longos
539 1886 599 1936 quae
612 1868 738 1936 prospicit
750 1882 834 1936 egros.

69 1959 106 2036 lx*
121 1936 252 1991 Naturam
265 1938 381 2006 expellas
394 1939 475 2002 furca,
490 1945 577 1990 tamen
592 1954 675 2004 usque
687 1941 813 2004 recurret,

122 2007 240 2060 Etmala
253 2024 412 2092 perrumpe
521 2007 630 2060 fastidia
642 2006 747 2060 victrix

123 2077 201 2159 Non⁴
204 2027 369 2147 quipSidonio
382 2007 481 2128 &ouidii
497 2094 539 2128 ere
552 2076 662 2128 callidus
675 2083 750 2137 ostro
729 2065 971 2240 offlam

122 2146 147 2200 N
150 2148 215 2202 oscrt
229 2147 390 2214 Aquinatem
402 2163 435 2214 po
437 2147 523 2198 tantia
536 2146 634 2226 vellera
645 2145 744 2209 fucum,

124 2216 226 2268 certius
238 2215 349 2283 accipiet
338 2215 489 2268 tdamnum
501 2215 640 2297 propiusve
652 2185 912 2334 medffi’lie,“

109 2285 210 2348 Quam
223 2286 268 2353 qui
281 2302 333 2337 non
346 2285 443 2365 poterit
457 2303 515 2338 vero
528 2285 732 2353 distingueret
743 2300 809 2336 sum.

59 2355 209 2486 p'quem
221 2371 261 2405 res
274 2353 372 2434 plus
346 2355 427 2405 nimio
440 2354 526 2406 delect
515 2361 602 2406 tavere
616 2353 744 2418 secundm,
877 2353 909 2404 30
919 2201 985 2402 mi

67 2423 187 2476 M
132 2429 316 2491 „empna
318 2421 379 2486 ἰιιι.
416 2423 444 2475 Si
457 2423 520 2490 qnid
533 2421 667 2485 mirabere
680 2438 760 2490 pones

71 2477 238 2544 Invitus.
274 2491 348 2556 Fuge
360 2508 472 2558 magna
490 2492 552 2544 licet
565 2491 613 2542 sub
625 2507 740 2559 paupere
752 2494 823 2543 tecto
984 2495 985 2498 ’

126 2559 247 2626 Regoeet
257 2575 351 2625 regum
360 2559 419 2612 rita
431 2577 589 2686 proecmpprp
600 2577 704 2614 amicos
