1990 2810
341 103 540 166 CARMINUM
559 108 580 166 1.
602 109 678 167 5-7.
883 109 903 182 0

174 215 299 288 «Nigrum
311 218 466 274 Merionenl
484 225 531 276 eut
543 239 591 290 ope
603 221 719 280 Panem

254 287 374 359 Tydiden
386 289 491 360 Superis
504 291 611 360 peremi

185 356 238 412 Nos
251 359 378 428 convivis,
391 377 437 414 nos
450 361 542 430 proelie
554 360 687 431 virginum

185 428 268 482 Sectis
281 429 308 481 in
317 431 429 498 juvenes
442 429 575 500 unguibus
587 433 687 486 acrium
731 463 732 468 =

184 497 327 552 Cantemus
339 500 416 552 veoui
429 501 483 570 sivo
496 501 559 570 quid
572 501 679 572 urimur,

251 567 277 622 N
278 587 312 622 on
324 577 419 639 praeter
431 569 539 626 solitum
550 571 627 627 leves.
867 577 915 649 ²⁰,

182 723 330 779 elenen
348 725 483 780 VIL-sn
496 741 520 779 n
532 741 686 780 nousrrnu
699 741 837 782 rnenoun.

108 844 285 900 Lsunnnnnn
299 844 345 898 alii
358 843 456 898 clarem
469 845 578 899 Rhodon
591 851 639 899 aut
651 845 806 917 Mytilenen,

181 917 236 970 Aut
248 915 369 984 Epheson
382 915 521 968 bimarisve
533 917 650 969 Corinthi

108 983 219 1051 Moenia,
232 984 272 1037 rel
287 985 388 1038 Baccho
401 985 502 1038 Thebas
515 985 556 1038 vel
570 985 690 1056 Apolline
702 985 818 1057 Delphos

182 1054 238 1108 Insi
275 1072 302 1107 es
314 1063 361 1107 aut
375 1055 498 1107 Thessala
510 1056 613 1124 Tempe.

108 1123 187 1186 Sunt,
200 1073 295 1194 quffirs
307 1141 390 1177 unum
403 1141 468 1193 opus
480 1135 519 1177 est
531 1125 639 1179 intaotae
651 1125 767 1180 Pellodls
779 1125 887 1180 urbemr

139 1195 142 1202 '
182 1194 302 1247 Carmine
316 1201 441 1263 perpetuo
454 1194 590 1254 celebrare,
604 1199 631 1246 et

108 1262 251 1385 Undiltpueh
264 1263 412 1333 decerptam
425 1263 505 1316 fronti
519 1281 667 1335 praeponere
679 1265 782 1322 olivam.

204 1333 314 1386 lurimus
328 1334 354 1386 in
367 1335 481 1387 lunonis
493 1334 616 1388 honorem

107 1401 211 1473 Apturn
224 1402 294 1456 dicet
306 1404 380 1471 equis
393 1403 475 1472 Argos
487 1403 605 1474 ditesque
618 1404 750 1476 Mycenas.

180 1473 351 1526 Meneclem
365 1474 467 1544 patiens
481 1474 647 1528 Lacednmon
864 1479 897 1532 10

104 1539 165 1598 Nec
178 1550 233 1596 tam
245 1543 353 1596 Larissie
366 1545 492 1613 percussit
504 1561 611 1614 oempus
624 1545 723 1627 opime,

180 1614 264 1678 Quom
277 1613 368 1666 domus
382 1612 507 1666 Albuneae
519 1623 663 1669 resonantis

106 1681 145 1736 Et
156 1699 271 1764 praeceps
284 1684 394 1738 Anione
406 1683 514 1736 'liburni
527 1684 602 1738 lucus
614 1692 642 1739 et
653 1685 706 1739 ude

179 1752 322 1806 Mobilibus
335 1754 451 1822 pomaria
462 1754 532 1808 rivis.

106 1821 193 1876 Albus
205 1831 235 1876 ut
247 1822 355 1877 obscuro
366 1825 484 1893 deterget
497 1824 589 1878 nubilo
601 1826 665 1880 coelo

178 1892 252 1963 Saepe
264 1894 349 1946 Notus
361 1911 447 1962 neque
459 1897 573 1963 parturit
586 1895 681 1950 imbres

106 1961 258 2032 Perpetuos,
271 1964 308 2016 sio
319 1971 351 2018 tu
363 1965 466 2033 sepiens
477 1965 553 2018 finire
564 1973 695 2021 memento

177 2033 322 2086 Tristitiem
335 2035 447 2104 vitaeque
460 2035 559 2088 labores

106 2101 192 2169 Molli,
206 2103 310 2172 Plance,
323 2121 400 2170 mero,
413 2122 458 2158 seu
471 2113 497 2158 te
510 2105 641 2176 fulgentio
653 2105 735 2178 signis

176 2173 267 2227 Castro
280 2181 370 2227 tenent
383 2187 428 2228 teu
441 2175 522 2228 denso
534 2176 634 2230 tenebit
857 2176 892 2229 20

104 2239 209 2296 Tiburis
222 2243 315 2298 umbro
327 2245 374 2298 tui
410 2245 509 2299 'l'eueer
520 2245 653 2302 Salamine
665 2251 818 2317 patremque

176 2313 262 2377 Quum
275 2315 385 2382 fugeret,
399 2321 487 2368 tumen
501 2315 552 2370 udo
566 2317 641 2383 Lyaeo

103 2381 233 2452 Tempora
245 2385 357 2453 populeo
369 2385 452 2437 fertur
465 2385 579 2440 vinxisse
590 2403 692 2452 corona,

174 2452 218 2507 Sio
231 2453 318 2506 tristes
330 2454 425 2508 affatus
437 2455 546 2509 amieos:
669 2493 672 2502 ·

104 2521 183 2590 “Quo
195 2541 242 2576 nos
254 2540 357 2592 cunque
370 2527 435 2578 leret
448 2525 537 2578 melior
550 2526 655 2582 fortune
666 2531 774 2597 petente

173 2591 282 2663 Ibimus,
295 2611 310 2646 o
322 2593 383 2646 socii
396 2593 567 2664 comitesque!

272 2708 355 2748 emes
377 2715 446 2747 utens
599 2702 717 2760 *iudendo
