1990 2810
261 457 395 538 VITA
433 456 667 538 HORATII.

403 681 516 698 m

367 857 386 900 1.
410 854 549 900 suuromu

92 985 242 1044 Horremus
252 983 384 1054 Ferreus,
394 987 552 1053 Venusinus,
561 990 636 1058 petre
646 987 689 1060 (ut
698 987 754 1062 ipse
763 986 857 1060 tradit)
868 992 880 1043 1

54 1057 201 1125 libertinos
219 1062 247 1112 et
264 1057 433 1114 exactionum
445 1066 581 1122 coactore3
604 1063 637 1112 ut
651 1077 712 1115 vero
728 1060 859 1116 creditum

55 1133 103 1194 cst,
122 1128 328 1193 selesmeuterio,
355 1144 439 1196 quum
456 1127 498 1182 ilii
515 1127 625 1200 quidem
641 1130 671 1186 in
688 1129 859 1186 altercatione

55 1197 245 1266 exprobrasset,
264 1197 415 1261 “Quotiens
432 1215 481 1266 ego
493 1197 550 1254 vidi
562 1203 664 1268 petrem
676 1205 754 1255 tuum
768 1199 858 1254 cubito

25 1281 29 1284 ·
56 1285 84 1322 se
96 1265 317 1336 emungentemi'’
339 1267 414 1322 Bello
426 1267 499 1324 Phili
518 1268 600 1338 pensi,
616 1270 719 1324 excitus
736 1287 752 1325 e
768 1269 883 1325 Merco²

56 1336 141 1392 Bruto
152 1337 316 1406 imper-stote,
329 1336 451 1392 tribunus
493 1338 498 1350 '
511 1337 581 1392 itum
595 1339 693 1394 meruit
704 1359 712 1405 3
729 1339 859 1410 victisque

55 1405 184 1475 pertibus,
195 1406 274 1462 venie
286 1407 435 1477 impetrate,
453 1408 582 1530 scriptum
599 1409 771 1478 queeetorium
788 1426 858 1464 eom-

56 1476 175 1545 perevit:
193 1493 225 1532 eo
261 1477 328 1532 rimo
344 1477 492 1546 Meeceneti,
524 1477 601 1533 einde
617 1479 738 1548 Augusto
756 1479 859 1534 insinu-

57 1550 125 1613 etus,
135 1563 238 1602 nonme
259 1546 535 1603 'octominemborum
542 1547 857 1604 emicitielecumtenuit

56 1614 189 1672 Messenes
206 1621 368 1687 quantopere
385 1634 449 1672 eum
467 1617 597 1687 dilexerit,
614 1618 678 1674 satis
695 1621 882 1676 monstratura

56 1685 104 1744 illo
115 1685 313 1760 epigrammate,
324 1686 372 1741 ubi
384 1686 491 1758 inquit:

211 1792 226 1816 “
232 1787 257 1837 N
257 1789 265 1835 i
275 1793 299 1836 te
309 1789 437 1838 visceribus
447 1793 512 1846 meis,
522 1789 615 1842 Hercu

231 1847 289 1894 Pius
295 1848 346 1908 jem
356 1848 436 1908 diligo,
445 1855 474 1895 tu
483 1856 551 1896 tuum
561 1849 664 1898 sodalem

231 1906 338 1954 Hinnulo
347 1907 427 1956 videas
437 1909 615 1970 strigosiorem‘·

58 1999 103 2054 sed
120 1997 207 2054 multo
220 1999 306 2072 magis
322 2001 455 2072 extremis,
474 2001 524 2056 teli
538 2002 573 2057 ed
585 2001 738 2096 Augustum
755 2001 856 2072 elogio:
926 2019 929 2023 ·

57 2072 73 2100 “
80 2069 189 2126 Horatii
206 2070 302 2138 Flacci,
319 2077 351 2125 ut
367 2073 427 2140 mei,
445 2089 546 2126 memor
563 2073 634 2128 esto!
677 2073 815 2144 superus
832 2073 881 2130 eid

57 2139 229 2210 epistolarum
254 2140 370 2194 officium
387 2141 492 2210 obtulit,
510 2148 542 2196 ut
559 2142 609 2196 hoc
626 2143 660 2196 ed
684 2143 856 2197 Maecenatem

58 2211 155 2334 ffto
183 2210 332 2280 significet:
360 2211 455 2266 “Ante
482 2213 539 2284 ipse
564 2212 707 2266 scribendis
740 2212 856 2282 epistolis

110 2297 202 2334 corum
219 2279 398 2336 sufficiebam:
416 2299 488 2336 nunc
505 2283 729 2351 occupatissimus,
746 2289 773 2335 et
785 2282 857 2334 infir·
935 2293 938 2300 ’

58 2366 123 2418 mus,
137 2349 281 2404 Horatium
292 2357 412 2406 nostrum
427 2357 483 2405 ete
497 2368 530 2404 cu
550 2351 575 2404 io
590 2350 726 2406 ebducere.
761 2351 857 2404 Veniet

58 2435 118 2489 erge
129 2419 165 2474 eb
176 2419 229 2474 iste
240 2420 382 2492 parasitico
398 2437 489 2474 menes
504 2438 521 2474 e
555 2421 624 2474 hene
640 2421 751 2489 'regium
764 2425 791 2474 et
808 2434 856 2471 nos

58 2488 86 2544 in
99 2487 244 2544 scribendis
256 2489 373 2560 epistolis
381 2488 513 2559 juvebit.”
548 2489 587 2543 Ac
601 2507 636 2543 ne
651 2488 783 2544 recusanti
799 2487 880 2557 qui-t

58 2558 118 2616 dem
140 2563 190 2622 sut
213 2560 365 2616 succensuit
382 2559 533 2630 quicquum,
551 2563 599 2614 sut
616 2559 763 2615 amicitiem
781 2571 856 2612 suem

251 2676 486 2728 'mimmii
498 2673 665 2728 &tedisium
