2014 2810
357 49 568 107 Snrlneruuu
587 48 626 104 11.
643 52 668 102 3.
862 43 913 102 171

123 149 236 220 AEgrum
249 169 282 205 ex
294 153 433 222 praecipiti,
442 153 530 207 'meter
542 155 625 208 deliro
636 154 741 210 necabit

124 220 157 272 In
170 222 258 288 gelide
269 222 352 274 fixum
364 225 423 292 ripa
434 223 580 292 febrimque
592 225 706 292 reducet,

21 353 26 367 ἱ
124 288 217 349 Quone
229 292 298 344 melo
310 299 424 344 mentem
437 293 579 346 concussnl
615 294 718 346 Timore
730 290 861 346 Deorum’

123 359 193 412 Haec
206 361 270 412 mihi
284 361 432 429 Stertinius,
445 363 594 431 sapientum
607 369 721 426 octavus,
734 363 819 416 amico

123 429 206 482 Arme
218 430 298 494 dedit,
311 433 419 498 posthac
432 449 465 486 ne
478 433 646 500 compellerer
658 433 767 486 inultus.

122 497 228 552 Dixerit
239 501 362 552 insanum
375 503 420 559 cni
432 520 481 556 me.
494 501 605 555 totidem
617 502 707 554 audiet
719 508 800 569 atque

122 567 260 634 Respicere
273 567 362 633 ignoto
375 567 458 618 discet
470 568 612 636 pendentis,
625 576 699 636 tergo
709 571 723 594 '’

122 636 137 662 “
148 635 240 701 Stoice,
253 642 312 703 post
324 635 450 688 damnum
461 637 498 688 sic
510 638 608 689 vendas
620 637 708 689 omnin
720 636 812 705 pluris,
863 640 915 691 300

123 705 182 769 Qua
191 722 232 756 me
245 705 367 772 stultitia,
380 706 503 774 quoniam
515 723 567 758 non
580 713 620 759 est
632 723 715 774 genus
728 723 819 772 unum,

122 775 243 826 Insanire
256 773 355 842 putesl
391 775 447 842 Ego
460 793 521 827 nam
534 775 622 827 videor
635 776 702 827 mihi
715 776 820 828 sanus.’'

122 845 136 870 “
146 844 222 909 Quid,
236 851 316 912 caput
328 843 471 896 abscissum
482 844 604 896 manibus
616 862 699 913 quum
745 851 800 898 rtet
812 844 903 914 Agave

122 913 203 966 (inat-i
216 912 335 979 infelicis,
348 913 398 964 sibi
411 919 468 964 tum
479 913 578 966 furiose
590 915 695 967 videtur
726 914 733 935 ’

122 982 262 1034 “Stultum
274 1000 316 1034 me
328 983 418 1048 fateor,
431 981 510 1034 liceat
522 983 662 1036 concedere
675 983 749 1050 veris,

121 1055 209 1121 Atque
222 1053 302 1104 etiam
314 1053 436 1104 insenum
449 1070 456 1114 ;
474 1058 580 1103 tuntum
592 1051 641 1104 hoc
653 1053 771 1112 edissere,
785 1069 837 1120 quo
848 1068 891 1106 me

121 1121 259 1187 AEgrotere
268 1129 349 1239 putes
360 1119 443 1172 enimi
455 1120 520 1172 vitio
530 1119 556 1172 l”
587 1122 705 1188 “Accipe
717 1137 723 1174 :
741 1122 857 1190 primum

122 1187 256 1254 AEditicas‚
287 1205 317 1241 oc
329 1194 376 1255 eet,
389 1188 479 1256 longos
492 1187 611 1255 imitaris,
623 1189 657 1242 ab
669 1191 722 1242 imo

121 1257 164 1312 Ad
177 1275 307 1310 summum
319 1263 391 1312 totus
403 1257 504 1310 moduli
515 1258 651 1326 bipedalis,
664 1264 691 1312 et
703 1258 774 1312 idem

122 1326 233 1395 Corpore
244 1329 369 1395 majorem
380 1328 449 1380 rides
462 1326 589 1380 Turbonis
602 1328 630 1380 in
642 1329 721 1381 armis
860 1331 912 1383 310

122 1396 251 1464 Spiritum
263 1403 290 1448 et
301 1397 445 1450 incessum:
464 1397 511 1466 qui
522 1398 650 1451 ridiculus
661 1399 749 1451 minus
761 1397 824 1452 illol

16 1529 21 1541 η
121 1466 166 1518 An
177 1466 351 1534 quodcunque
362 1467 427 1520 facit
439 1467 576 1530 Memnon,
589 1473 616 1520 te
628 1485 732 1536 quoque
744 1485 835 1521 verum
847 1472 887 1521 eet

121 1535 237 1589 Tantum
249 1536 401 1589 dissimilem
414 1543 441 1588 et
453 1543 527 1589 tanto
540 1543 639 1589 certare
651 1537 795 1590 minoreml

122 1603 245 1657 Absentis
257 1621 326 1658 ranae
339 1605 418 1673 pullis
429 1605 508 1658 vituli
520 1605 587 1673 pede
599 1606 699 1675 pressis,

122 1674 197 1727 Unus
209 1674 255 1726 ubi
267 1675 367 1741 effugit,
379 1675 458 1726 matri
471 1673 600 1740 denarret,
612 1679 644 1726 ut
656 1675 749 1742 ingene

121 1743 216 1796 Bellue
228 1749 351 1812 cognatos
363 1742 467 1796 eliserit.
503 1743 555 1797 Ille
566 1761 671 1812 rogare:

121 1809 292 1873 ‘Qunntcnel
310 1825 374 1860 num
382 1810 916 1877 tentum,'suffianssc‚‘rnegnn¹fuissetl'

122 1877 224 1946 ‘Major
237 1878 361 1930 dimidic.'
394 1878 480 1930 ‘Num
493 1879 596 1932 tantol'
622 1880 709 1943 Quum
721 1880 805 1947 magis
818 1888 898 1950 etque

123 1947 157 2000 Se
169 1943 253 2015 magis
265 1946 386 2011 infitret3
405 1948 486 2013 ‘Non
500 1949 521 2001 si
533 1956 560 2002 te
572 1948 690 2018 ruperis,’
702 1949 797 2015 inquit,

122 2016 190 2068 ‘Per
202 2015 268 2068 eris’
300 2017 364 2069 tlsec
377 2035 392 2070 e
405 2024 431 2070 te
443 2035 496 2071 non
508 2019 622 2071 multum
634 2018 738 2071 abludit
749 2018 843 2086 imago.
862 2022 913 2071 320

122 2084 199 2137 Adde
211 2089 333 2153 poemate
345 2105 424 2153 nunc,
437 2088 485 2140 hoc
498 2094 544 2154 est,
557 2089 643 2140 oleum
656 2088 724 2140 adde
736 2089 839 2140 camino
851 2107 858 2152 ;

123 2154 189 2218 Qum
201 2155 223 2205 si
235 2156 293 2222 quis
306 2173 384 2208 senus
396 2157 467 2218 fecit,
481 2164 508 2210 et
520 2176 598 2210 senus
610 2158 689 2210 facies
701 2164 739 2209 tu.

121 2223 247 2278 Nondico
257 2225 541 2278 horrendamrabiem.'’
560 2227 643 2279 “Jam
655 2225 767 2279 desine.”
786 2227 913 2280 “Cultum

121 2293 250 2361 Majorem
263 2295 366 2348 censu.'’
403 2296 417 2322 “
425 2295 531 2359 Tenens,
544 2297 709 2364 Damasippo,
720 2297 774 2348 tuis
786 2297 837 2349 te.”

121 2363 223 2416 “Mille
236 2363 392 2432 puellarum,
404 2382 544 2432 puerorum
556 2365 628 2417 mille
640 2364 762 2418 furores.’'

121 2433 167 2488 “O
179 2435 262 2504 mej0r
273 2434 381 2488 tandem
393 2451 490 2504 parcas,
503 2435 601 2501 insane,
613 2435 709 2488 minori
719 2434 744 2488 l”

335 2519 343 2556 1
357 2522 450 2575 tendent,
459 2534 482 2562 se
491 2522 574 2571 lustuns,
583 2523 612 2562 sic
622 2533 701 2575 magne
