2014 2810
316 67 460 124 nrouou
477 64 583 124 cusu.
604 71 626 137 1,
644 71 669 122 a.
833 65 885 124 107
989 35 990 40 ‘

205 181 318 253 Silvune,
329 188 404 238 tutor
414 183 522 240 finium!

171 252 246 308 Libet
258 257 342 320 iacere
353 254 430 308 modo
443 253 492 308 sub
503 251 613 321 antiqua
624 249 691 320 ilice,

134 363 137 370 »
205 309 284 378 Modo
295 324 324 378 in
336 323 423 377 tenaci
434 323 559 393 gramine.

170 390 308 447 labuntur
319 393 380 447 altis
391 393 498 446 interim
509 391 574 462 ripis
586 407 672 462 aquae,

205 462 358 528 Queruntur
368 463 398 516 in
409 463 482 516 silvis
494 479 562 530 aves,

171 530 318 602 Fontasqus
328 532 445 654 lymphis
456 531 612 602 obstrepunt
622 525 799 597 manantibus

205 601 376 670 Somnusque
406 602 502 656 invitat
513 602 590 657 leves

171 669 208 726 At
220 689 281 725 cum
292 672 409 726 tonantis
420 689 506 725 annus
517 671 642 725 hibernus
653 669 674 726 J
674 669 730 724 ovis

206 741 306 794 Imbres
317 743 443 811 nivesque
455 747 596 811 comparat,
857 738 891 792 ³0

172 809 227 864 Aut
238 810 323 864 trudit
335 829 406 865 acres
418 811 481 864 hinc
493 817 520 864 et
531 811 595 864 hinc
606 810 693 865 multa
703 825 768 864 cane

206 879 290 950 Apros
302 881 331 935 in
343 881 476 935 obstantes
486 881 586 951 plagas,

173 947 229 1004 dut
240 951 320 1004 amite
332 950 385 1005 levi
396 968 456 1004 rara
466 950 554 1003 tendit
565 949 640 1020 retia,

207 1019 302 1074 Turdis
314 1020 436 1074 edacibus
448 1019 527 1088 dolos,

144 1143 146 1148 ,
173 1088 304 1144 Pavidum
321 1107 355 1143 ue
366 1089 480 1160 leporem
492 1096 520 1143 et
531 1089 661 1145 advenam
671 1089 766 1160 laqueo
776 1103 869 1159 gruem

207 1159 227 1213 J
228 1107 333 1213 ucunda
345 1166 436 1230 captat
446 1160 561 1230 praemia.

174 1228 237 1294 Quis
248 1245 301 1282 non
312 1229 450 1298 malarum,
462 1246 528 1299 quas
540 1248 612 1284 amor
623 1247 698 1285 curas
709 1229 798 1298 habet,

208 1299 273 1352 Haec
284 1300 355 1352 inter
366 1298 547 1355 obliviscitur?

175 1367 250 1435 Quod
262 1368 284 1422 si
295 1369 392 1439 pudica
402 1369 498 1423 mulier
510 1371 539 1424 in
569 1375 653 1426 artem
661 1371 739 1442 juvet

208 1439 322 1493 Domum
333 1445 412 1509 atque
425 1439 514 1494 dulces
525 1388 627 1510 liberos,
860 1440 895 1490 40

174 1507 271 1563 Sabina
282 1509 367 1579 qualis
378 1515 426 1563 aut
437 1517 544 1579 perusta
556 1509 653 1564 solibus

208 1578 325 1632 Pamicis
336 1596 404 1633 uxor
415 1579 505 1649 Apuli,

174 1645 282 1702 Sacrum
294 1647 406 1702 vetustis
418 1653 538 1703 exstruat
549 1648 629 1720 lignis
640 1650 731 1703 focum

208 1717 282 1772 Iussi
294 1718 342 1772 sub
354 1719 497 1772 adventum
509 1719 568 1790 viri,

175 1786 355 1858 Olaudensquc
367 1787 449 1842 textis
460 1788 577 1843 cratibus
588 1788 681 1843 laetum
691 1803 771 1860 pecus

208 1857 332 1912 Distenta
344 1858 423 1913 siccet
434 1857 529 1925 ubera3

174 1923 211 1982 Et
222 1928 306 1982 borna
317 1927 389 1982 dulci
400 1928 463 1982 vina
474 1947 595 2000 promens
607 1929 684 2000 dolio,

208 1996 297 2069 Dapes
308 1997 437 2068 inemptas
449 2007 573 2070 apparet:

174 2066 235 2122 Non
246 2086 289 2122 ma
301 2067 415 2122 Lucrina
422 2069 542 2138 juverint
554 2069 691 2140 conchylia

209 2137 330 2208 Megiste
340 2138 465 2192 rhombus
477 2146 525 2193 aut
537 2140 610 2206 scari,
862 2137 896 2188 50

175 2206 204 2264 Si
233 2225 280 2262 uos
292 2207 353 2262 Eois
364 2208 485 2262 intonata
496 2207 621 2263 fluctibus

239 2277 304 2332 ieme
315 2279 349 2332 ad
361 2278 411 2332 boc
423 2283 510 2333 vertat
520 2297 608 2343 mare3

176 2347 237 2402 Nou
249 2347 315 2400 Afra
326 2348 382 2403 avis
394 2347 534 2402 descendat
545 2348 574 2401 in
586 2353 705 2403 ventrem
716 2364 811 2414 meum,

211 2417 271 2472 Non
283 2423 393 2486 attagen
405 2416 511 2470 Ionicus

177 2486 333 2555 Jucunuioa
346 2503 426 2556 quam
436 2486 506 2540 lecta
518 2483 551 2540 de
562 2484 741 2558 pinguissimis

212 2556 290 2610 Oliva
300 2557 379 2610 ramis
388 2556 509 2610 arborum

178 2625 234 2682 dut
246 2625 327 2681 barba
337 2625 440 2697 lapathi
452 2632 528 2697 prata
540 2627 653 2683 amantis
665 2629 693 2682 et
704 2626 779 2704 grati
