2014 2810
333 87 543 143 ssulusuunl
563 87 586 144 1.
604 94 627 142 e.
829 88 881 146 ise

94 193 214 263 Dejicere
226 209 240 246 e
252 209 315 246 saxo
327 192 397 246 cives
409 195 458 244 sub
469 188 573 243 tradem
585 189 683 244 Cadmo
691 187 719 244 i”

95 267 110 294 ‘⁴
119 265 155 318 As
168 263 268 316 Novius
279 261 379 330 collega
391 261 476 329 gradu
488 266 547 328 posi
557 277 601 312 me
613 258 686 314 sedet
697 275 770 324 uuo;
851 260 887 312 40

13 369 18 371 -
94 331 472 402 Namqueeseille,paierquod
480 327 641 384 craimeus”
654 325 887 384 HectibiPsullus

96 407 131 459 Et
144 405 257 460 Messala
268 406 382 460 viderlsi
418 405 455 460 As
467 406 518 475 hic,
532 405 554 458 si
565 403 685 476 plaustra
696 404 812 459 ducenta

96 476 310 544 Concurrentque
322 477 377 530 foro
392 476 442 528 irie
453 477 553 542 funere,
566 469 668 542 mffl
676 473 779 527 sonabit

96 545 198 598 Cornua
211 546 281 615 quod
293 545 434 614 vincatque
447 546 539 598 tubuss
558 544 652 598 saltem
663 549 737 596 bonci
748 543 798 598 hoc
810 561 864 600 nos.

95 613 121 668 N
122 633 174 667 unc
187 616 220 668 ed
232 633 274 668 me
286 615 364 670 redeo
375 615 498 668 libertino
510 607 740 686 mmmmm*
760 612 764 621 '

97 684 181 749 Quem
192 685 290 738 rodunt
302 701 391 737 omnes
403 684 525 737 libertino
538 691 613 753 petre
625 689 727 752 nalum,

96 752 180 821 Nunc,
195 743 327 822 qiffl'sim
340 754 397 820 eibi,
411 754 551 821 Meeccnas,
564 754 697 806 convictor
704 772 712 818 3
730 757 759 808 ab
771 753 841 816 olim,

97 823 172 890 Quod
184 823 249 876 mihi
262 830 366 894 pareret
378 823 446 894 legio
459 824 577 878 &mana
589 811 703 877 milio.

96 891 228 948 Dissimile
240 894 289 946 hoc
301 893 341 947 illi
354 899 393 946 ese
400 911 407 957 ;
425 893 488 960 quie
500 909 553 946 non
565 899 597 946 ui
608 893 684 946 forsit
695 893 820 948 honorem

96 961 163 1016 Jnre
175 963 241 1014 mihi
253 963 371 1016 invideas
384 963 476 1032 quivis,
488 963 528 1015 its
540 969 567 1016 be
578 979 682 1031 quoque
693 965 814 1034 micum,
859 965 891 1020 50

97 1029 246 1084 Praesertim
258 1039 366 1085 cautum
379 1033 471 1100 dignos
483 1047 620 1100 assumere,
633 1049 715 1103 preve

96 1101 247 1154 Ambitione
258 1102 357 1172 procul.
393 1101 507 1154 Felicem
519 1102 604 1154 dicere
616 1119 669 1155 non
681 1101 731 1156 boc

96 1169 142 1224 Me
153 1172 256 1240 possim,
269 1187 331 1224 casu
344 1171 412 1240 quod
425 1176 452 1223 ie
464 1171 571 1224 sortitus
583 1172 711 1236 emicum3

96 1237 179 1294 Nulla
190 1241 288 1294 etenim
299 1241 366 1294 mihi
378 1248 406 1294 ie
417 1241 470 1294 fors
482 1241 593 1294 obtulit:
609 1242 724 1311 optimus
736 1241 799 1296 olim

97 1309 231 1378 Virgilius,
243 1317 303 1382 post
315 1312 386 1364 hunc
400 1311 502 1378 Varius,
515 1311 605 1364 dixere
616 1311 681 1376 quid
693 1329 784 1366 essem

97 1379 136 1432 Ut
148 1381 208 1432 veni
220 1398 313 1449 ceram,
326 1381 365 1434 sin
415 1381 464 1434 tim
476 1380 597 1450 pauculo
616 1387 704 1448 nutus,

97 1448 190 1502 Infans
202 1468 316 1520 namque
328 1467 345 1520 p
424 1449 579 1520 prohibebas
590 1398 668 1520 dura
679 1451 785 1521 profari,

96 1517 157 1572 Non
170 1537 217 1592 ego
228 1538 271 1573 me
283 1521 353 1573 clero
364 1527 458 1574 netum
469 1527 551 1590 patre,
564 1537 618 1574 non
630 1537 678 1590 ego
689 1521 789 1576 circum

97 1587 143 1642 Me
156 1589 310 1644 Satureiano
322 1591 421 1644 vectari
432 1607 494 1644 rura
506 1589 614 1657 caballo,

97 1659 156 1726 Sed,
167 1660 235 1728 quod
247 1677 325 1727 eram,
335 1677 420 1714 narro.
451 1660 607 1729 Respondes,
616 1665 647 1712 ui
659 1664 769 1714 buusest
780 1678 843 1730 mos,
856 1666 890 1717 60

97 1727 199 1782 Pauca:
216 1729 295 1794 abeo;
308 1737 335 1784 ei
346 1747 451 1783 revocas
463 1747 531 1782 nono
562 1736 602 1782 ost
613 1745 702 1782 mense
710 1730 838 1800 jubesque

96 1797 160 1852 Esse
173 1798 200 1851 in
213 1801 357 1852 amicorum
369 1816 484 1853 numero.
551 1815 649 1866 agnum
662 1799 711 1854 hoe
723 1817 771 1868 ego
783 1800 857 1869 duco,

46 1871 48 1875 '
97 1867 173 1933 Quod
186 1868 273 1937 placui
286 1869 342 1935 tibi,
356 1869 402 1938 qui
413 1869 485 1937 turpi
498 1869 609 1921 secernis
621 1867 768 1938 honestum,

96 1937 156 1991 Non
169 1948 243 2019 petre
255 1937 387 2007 praeclaro,
400 1938 445 1990 sed
458 1939 515 1992 vita
526 1944 553 1991 et
565 1944 669 2006 pectore
681 1955 754 2008 puro.

96 2007 180 2075 Atqui
192 2009 214 2059 si
227 2009 299 2060 vitiis
311 2007 484 2061 mediocribus
497 2025 527 2060 ac
539 2023 598 2060 mea
609 2010 701 2078 paucis

96 2077 226 2129 Mendosa
238 2085 277 2131 est
289 2085 393 2144 natura,
406 2077 505 2146 alioqui
516 2083 595 2143 recte,
608 2077 682 2131 velut
695 2078 717 2130 si

95 2146 209 2215 Egregie
222 2147 349 2216 inspersos
361 2147 536 2217 reprehendas
548 2163 654 2216 corpore
666 2163 761 2220 nevos,

96 2216 123 2268 Si
137 2233 222 2283 neque
234 2217 374 2269 avaritiam
385 2233 471 2285 neque
484 2217 570 2268 sordes
582 2224 630 2270 aut
642 2207 807 2274 mdiis'l'iisire

96 2285 210 2354 Oinciet
222 2303 282 2339 vere
295 2286 432 2356 quisquam
445 2286 518 2352 mihi,
531 2303 612 2354 purus
625 2292 652 2338 et
664 2286 759 2355 insons,

96 2353 133 2407 Ut
146 2371 188 2407 me
201 2355 356 2418 collaudem,
370 2356 392 2411 si
404 2361 432 2408 et
443 2356 504 2408 vivo
516 2371 592 2408 cerus
604 2355 708 2419 amicis;
857 2359 891 2412 70

97 2425 181 2477 Causa
193 2425 246 2478 fnit
276 2432 333 2478 ater
345 2426 393 2493 his,
406 2426 452 2496 qni
463 2441 551 2478 macro
563 2442 664 2494 pauper
675 2425 760 2494 agello

95 2493 189 2546 Noluit
201 2495 229 2547 in
292 2493 319 2547 vi
333 2495 426 2548 ludum
438 2512 481 2547 me
492 2495 605 2562 mittere,
618 2495 709 2563 mngni

3 2613 4 2630 ,
42 2589 47 2594 ·
97 2563 154 2628 Quo
166 2566 243 2634 pueri
254 2565 357 2634 magnis
370 2583 384 2618 e
396 2563 594 2618 centurionibus
606 2565 665 2632 orti,

3 2633 4 2674 l
96 2631 174 2708 Iluro
186 2635 306 2730 suspensi
317 2634 415 2706 loculos
427 2633 601 2704 tabulamque
612 2633 717 2702 lacerto,

139 2723 206 2768 nou.
484 2717 502 2756 h

912 2740 923 2768 A
