2014 2810
17 83 18 86 ,
72 31 124 88 142
394 39 552 97 HORATII

68 139 176 197 Postera
187 144 236 198 lux
248 145 331 198 oritur
341 144 426 198 multo
438 146 601 214 gratissima3
618 162 733 216 namque

69 213 171 266 Plotius
183 221 210 267 et
222 214 317 268 Varius
330 214 458 268 Sinuessae
472 215 650 284 virgiliusque
823 219 858 270 40

70 283 224 350 Occurrunt,
237 286 339 352 auimae,
351 284 440 354 quales
452 301 537 353 neque
549 285 710 338 candidiores

69 352 149 406 Parra
161 354 224 407 tulit
236 371 321 423 neque
333 353 394 423 quis
406 373 447 407 me
460 355 494 407 sit
507 354 651 407 devinctior
662 355 737 411 alter.

70 423 92 476 Ο
105 423 149 491 qui
163 423 313 492 complexus
326 431 353 477 et
365 424 463 493 gaudia
475 425 709 492 quautaiuerunt!

69 492 116 545 Nil
129 511 176 561 ego
189 493 343 546 contulerim
352 494 471 562 jucundo
483 511 562 546 sanus
574 493 664 547 amico.

70 561 196 616 Proxima
209 563 340 633 Campano
353 565 427 631 ponti
439 579 496 632 quae
509 563 609 630 villula,
621 569 723 616 tectum

70 630 196 699 Praebuit,
209 638 236 685 et
267 633 354 685 arochi
367 650 425 702 quae
438 633 533 686 debent
546 633 618 702 ligna
630 633 768 702 salemque.

70 700 142 755 Hinc
154 702 220 754 muli
234 703 269 756 Ga
342 702 452 755 clitellas
464 709 580 772 tempore
592 709 701 770 ponunt.

70 770 170 825 Lusum
181 773 204 824 it
216 763 509 838 Maecenaqfflitum
522 790 569 841 ego
583 773 774 842 virgiliusqu03

70 840 190 909 Namque
203 841 257 910 pila
269 841 307 892 li›
325 842 347 892 is
360 841 495 894 inimicum
508 849 535 894 et
546 842 636 894 ludere
649 843 743 896 crudis.

70 909 143 963 Hinc
155 928 201 963 nos
214 859 420 981 Ooeo'iriliecipit
432 912 582 980 plenissima
594 901 734 979 villa*
826 916 859 965 50

72 979 137 1044 Quae
150 997 228 1049 super
240 985 279 1032 est
292 981 375 1033 Caudi
387 998 525 1050 cauponas.
561 981 587 1035 N
587 999 639 1035 uuo
651 982 718 1034 mihi
729 981 821 1053 paucis

72 1049 204 1102 Sarmenti
217 1067 312 1103 scurrae
324 1049 588 1120 pugnm'llltssique
601 1051 720 1119 Oioirrhi,

70 1117 156 1187 Musa,
169 1107 392 1187 velim'ln'i'mores,
405 1127 432 1173 et
445 1138 496 1189 quo
508 1128 582 1190 patre
594 1128 673 1174 natus
687 1128 796 1191 uterque

71 1188 218 1242 Ooutulerit
230 1190 297 1244 lites.
332 1189 413 1243 Messi
427 1190 526 1242 clarum
538 1208 621 1258 genus
634 1191 708 1255 0sci;

72 1257 202 1312 Sarmenti
215 1259 321 1312 domina
332 1265 430 1313 exstat:
449 1259 482 1312 ab
494 1259 536 1313 his
548 1260 689 1328 majoribus
701 1259 751 1312 orti

71 1327 114 1379 Ad
127 1345 245 1397 pugnam
257 1343 357 1381 venere.
393 1327 468 1379 Prior
479 1328 648 1380 Sarmentus:
667 1326 759 1395 “Equi
770 1336 797 1380 tc

71 1395 135 1449 Esse
146 1397 196 1450 feri
208 1396 318 1449 similem
331 1396 412 1449 dico.”
448 1396 581 1463 Ridemus‚
594 1403 621 1448 et
632 1396 687 1464 ipse

72 1464 197 1520 Messius:
216 1465 298 1518 “Acci
319 1464 492 1534 io:''-caput
504 1473 531 1518 et
543 1475 642 1518 movet:
662 1465 711 1532 “0,
720 1471 768 1518 tua
779 1482 861 1521 cornu

70 1533 106 1586 Ni
118 1536 186 1589 foret
198 1481 407 1602 eximimus?
419 1536 515 1603 inquit,
528 1535 542 1562 “
550 1534 614 1602 quid
626 1535 730 1602 faceres,
742 1553 826 1604 quum

71 1602 113 1658 Sic
126 1606 236 1658 mutilus
248 1606 377 1658 miniteris
388 1603 414 1656 l”
451 1611 486 1657 At
498 1605 537 1656 illi
550 1604 621 1656 foeda
632 1604 743 1657 cicatrix
826 1607 859 1657 60

71 1673 188 1740 Setosam
202 1674 262 1728 laevi
274 1675 386 1726 frontem
400 1677 551 1741 turpaverat
564 1673 621 1726 oris.

71 1742 234 1812 Campanum
247 1744 275 1796 in
287 1743 413 1808 morbum,
426 1742 561 1795 infaciem
574 1742 706 1811 permulta
713 1744 825 1812 jocatus,

71 1810 164 1864 Pastor
218 1813 327 1886 Q
338 1813 380 1863 uti
393 1811 506 1881 Cyclopa
518 1813 640 1880 rogabat:

71 1880 116 1931 Nil
129 1899 138 1932 r
160 1899 170 1933 1
192 1899 255 1934 arva
267 1888 315 1934 aut
327 1882 434 1949 tragicis
446 1899 511 1950 opus
524 1898 578 1934 esse
590 1882 732 1960 oswio.

70 1948 159 2002 Multa
171 1935 301 2004 (tifflrhus
314 1951 348 2003 ad
361 1950 430 2004 haec:
449 1951 576 2004 Donassct
585 1953 676 2020 jamne
688 1958 808 2006 catenam

70 2018 112 2071 Ex
126 2027 185 2073 voto
198 2020 303 2085 laribus,
316 2020 466 2088 quaerebutl
501 2021 591 2074 Scriba
603 2021 671 2089 quod
684 2028 758 2090 essct,

69 2088 193 2142 Deterius
206 2088 302 2142 nihilo·
314 2090 426 2142 dominre
435 2092 479 2158 jus
492 2107 553 2144 esse.
590 2091 710 2158 Rogabat

70 2157 197 2226 Denique,
211 2177 257 2212 our
270 2176 386 2228 uuquam
399 2161 517 2227 fugisset,
530 2160 573 2212 cui
586 2161 649 2212 satis
662 2178 715 2214 una

71 2227 158 2305 Famis
171 2228 238 2280 libra
249 2229 324 2293 foret,
337 2230 429 2296 gracili
442 2230 478 2281 sic
491 2237 597 2297 tamque
610 2230 722 2298 pusillol

72 2296 179 2348 Prorsus
188 2297 306 2364 jucunde
319 2315 419 2350 coeuam
432 2298 603 2367 produximus
616 2299 696 2352 illam.
827 2301 860 2355 70

70 2364 212 2417 Tendimus
225 2365 287 2417 hinc
299 2376 372 2419 recta
384 2368 571 2433 Beneventum,
585 2368 629 2420 ubi
642 2368 748 2422 sedulus
759 2369 852 2440 hospes

72 2433 148 2485 Paeue
160 2450 258 2485 macros
271 2436 335 2487 arsit
347 2435 410 2487 dum
424 2436 513 2489 turdos
526 2444 612 2489 versat
623 2437 652 2489 in
664 2438 736 2506 igni3

71 2501 141 2555 Nam
152 2519 220 2571 vage
231 2519 278 2571 per
290 2511 404 2556 veterem
416 2493 516 2574 drl‘apso
529 2505 634 2558 flamma
646 2507 764 2596 “Qu

155 2585 160 2594 “
270 2593 279 2613 ·
295 2589 368 2632 Nihilo
377 2591 467 2633 esaum
495 2593 562 2637 Nullo
570 2593 662 2638 noetus
