2006 2814
320 68 573 124 EPISTULARUM
593 67 614 120 l.
636 73 700 136 1‚u
859 61 907 116 191

112 171 142 227 Si
154 175 262 226 curatus
274 171 401 241 inaequeli
413 180 516 226 tonsore
529 173 637 243 capillos

113 248 230 315 Occurri,
242 248 326 313 rides;
346 249 368 301 si
380 249 448 301 sorte
460 249 589 301 subucula
602 265 676 317 pexae

112 318 188 372 urica
200 317 289 370 subest
302 318 399 371 tunicae
412 318 454 370 vel
467 319 489 370 si
502 326 564 386 tege
577 319 686 371 dissidet
698 319 790 388 impar,

113 387 210 440 Rides:
232 387 304 456 quid,
317 405 375 440 meu
388 405 470 456 quum
482 394 585 457 pugnat
597 389 729 441 sententie
742 407 838 459 secum,

113 457 190 520 Quod
203 457 281 526 petiit
293 457 401 525 spernit,
413 458 510 526 repetit
523 457 592 525 quod
605 474 690 526 nuper
701 459 796 528 omisit,

112 527 222 579 AEstuct
233 533 261 579 et
273 527 334 579 vitre
346 527 510 579 disconvenit
523 527 613 580 ordine
625 534 688 592 toto,

111 595 212 661 Dieuc,
225 595 345 662 edificet,
357 605 444 649 mutet
456 597 586 666 qucdrctc
598 595 737 650 rotundisl
856 603 906 652 100

112 665 233 717 Insenire
245 673 323 733 putas
335 666 471 720 sollemnia
483 683 525 719 me
537 683 623 735 neque
634 666 711 734 rides,

111 734 139 787 N
139 751 169 786 ec
181 734 276 786 medici
289 735 372 788 credis
384 753 433 789 nec
446 737 573 789 curatoris
585 753 661 804 egere

111 803 137 856 A
150 813 259 872 praetore
271 804 335 871 dati,
348 823 435 857 rerum
448 805 534 859 tutele
545 822 665 859 mearum

112 873 202 936 Quum
214 873 289 940 uis,et
300 892 380 942 preve
392 882 493 927 sectum
506 874 673 929 stomacheris
685 874 719 928 ob
730 892 848 945 unguem

110 942 153 997 De
165 950 192 995 te
205 942 351 1011 pendentis,
364 953 391 997 te
403 945 566 1013 respicientis
578 945 663 999 amici.

111 1011 155 1065 Ad
168 1029 309 1066 summum:
328 1013 432 1083 sepiens
446 1031 496 1066 unc
509 1015 593 1066 minor
605 1022 645 1067 est
656 1014 732 1082 Jove,
744 1015 825 1085 dives,

110 1080 197 1148 Liber,
210 1081 359 1154 honoratus,
373 1083 489 1152 pulcher,
502 1100 549 1135 rex
561 1082 674 1152 denique
686 1102 794 1154 regum

112 1150 249 1222 Praecipue
260 1169 347 1221 senus,
359 1152 411 1206 nisi
423 1170 505 1222 quum
516 1152 616 1223 pituite
626 1153 737 1208 moleste
749 1162 795 1210 est.

287 1316 463 1374 EPISTULA
482 1317 739 1370 11.-r1>u0uc1cu.
791 1347 797 1366 .

114 1425 242 1479 Troum
253 1424 317 1478 belli
329 1425 489 1495 scriptorem,
501 1422 617 1476 maxime
629 1422 704 1491 Lolli,

113 1495 188 1549 Dum
200 1500 231 1548 tu
243 1495 373 1548 declames
388 1495 484 1560 Romae,
497 1493 630 1546 Praenests
642 1493 739 1562 relegi3

115 1563 245 1633 Qni,quid
255 1565 289 1617 sit
297 1565 444 1634 pulchrum,
453 1562 517 1632 quid
526 1570 612 1631 turpe,
619 1562 682 1630 quid
693 1561 767 1628 utile,
775 1561 840 1632 quid
847 1579 907 1631 non,

115 1633 225 1688 Plenius
237 1651 268 1686 ec
280 1633 374 1686 melius
386 1632 532 1700 Chrysippo
543 1639 571 1684 et
584 1631 708 1683 Crantore
721 1630 793 1684 dicit.

116 1703 170 1756 Cur
181 1703 220 1756 ite
232 1702 395 1767 crediderim,
407 1701 458 1753 nisi
471 1701 535 1769 quid
548 1707 576 1753 te
587 1700 697 1767 detinet,
709 1699 780 1754 cudi.

115 1772 224 1838 Fabula,
237 1789 290 1840 que
302 1771 404 1823 Paridis
416 1778 523 1839 propter
534 1777 658 1822 narretur
669 1785 784 1822 amorem

116 1842 216 1895 Grecic
228 1840 361 1894 Berberiae
374 1839 446 1893 lento
458 1840 549 1892 collisa
560 1839 656 1906 duello,

115 1911 263 1965 Stultorum
277 1927 369 1978 regum
382 1917 409 1962 et
421 1909 578 1980 populorum
589 1908 708 1962 continet
719 1912 804 1962 estus

114 1981 234 2034 Antenor
246 1985 335 2033 censet
347 1979 410 2032 belli
422 1979 562 2048 proecidere
574 1995 686 2032 oensem.

115 2050 186 2115 Quid
198 2049 290 2102 Perisl
309 2049 346 2103 Ut
358 2049 446 2102 salvus
458 2055 551 2116 regnet
562 2049 688 2117 vivatque
699 2048 799 2118 beatus,
874 2049 907 2102 10

115 2118 179 2187 (logi
191 2136 265 2187 posse
277 2124 364 2188 neget.
399 2118 495 2171 Nestor
507 2135 659 2186 componere
671 2118 732 2172 lites

116 2189 192 2242 Inter
204 2187 313 2240 Peliden
325 2188 435 2240 festinet
446 2195 474 2240 et
485 2187 555 2239 inter
567 2187 692 2251 Attidem

114 2259 197 2312 Hunc
209 2274 290 2319 amor,
302 2257 341 2310 irc
353 2257 459 2326 quidem
472 2257 647 2310 communiter
657 2257 712 2310 urit
724 2261 873 2329 utrumque·

115 2327 251 2396 Quidquid
263 2327 377 2380 delirent
389 2344 469 2394 reges,
482 2326 634 2396 plectuntur
646 2327 748 2381 Achivi.

115 2397 256 2464 Seditione,
269 2396 344 2464 dolis,
357 2396 453 2449 scelere
465 2405 544 2465 etque
558 2396 666 2449 libidine
679 2403 706 2450 et
717 2396 757 2452 irc

114 2465 210 2520 Iliacos
222 2466 294 2520 intre
304 2483 394 2519 muros
406 2474 531 2535 peccetur
542 2472 570 2519 et
582 2475 665 2520 extre.

115 2537 224 2607 Rursus,
237 2537 302 2608 quid
313 2537 399 2598 virtus
410 2541 438 2590 et
450 2536 515 2612 quid
526 2537 656 2610 sapientie
667 2537 757 2612 possit,
