1990 2810
405 81 559 140 nonum

152 189 268 259 Assditis,
280 207 315 246 an
327 191 451 246 meludit
463 193 583 248 amabilis

153 259 280 316 Insania?
297 262 397 316 Audire
409 270 436 317 et
449 263 539 316 videor
550 264 607 336 pios

187 331 282 386 Errare
294 350 341 401 per
353 333 431 398 lucos,
445 350 554 387 amoenae

221 400 291 466 Quos
303 408 331 455 et
377 419 418 456 uae
431 403 545 456 subeunt
557 409 585 457 et
597 419 673 457 aures.

150 467 198 526 Me
209 470 335 526 fsbulosoe
343 421 461 526 ”pulmo
473 473 500 526 in
514 473 601 543 Apulo

148 539 259 596 Altriois
271 551 347 595 extra
359 541 439 596 limen
453 543 558 612 Apulis

182 609 258 668 hudo
270 611 466 684 fatigatumque
478 629 568 667 somno

218 680 321 735 Fronde
333 699 401 736 nova
413 699 524 752 puerum
539 681 672 754 palumbes

147 748 254 817 Tenere,
267 751 364 804 mirum
377 752 446 822 quod
460 753 527 806 foret
539 751 666 822 omnibus,

147 820 305 890 Quicunque
317 821 392 874 eelsae
405 821 499 876 nidum
512 823 678 878 Acherontis

180 891 323 960 Saltusque
335 891 463 945 Bantinos
475 900 502 946 et
514 909 608 948 arvum

217 960 320 1029 Pingue
333 967 425 1016 tenent
438 962 546 1016 humilis
559 961 673 1032 Forenti,

143 1029 183 1086 Ut
194 1036 256 1085 tuto
269 1030 303 1082 ab
314 1032 379 1084 atris
392 1049 497 1104 oorpore
510 1032 606 1102 viperis

142 1099 293 1157 Dormis-em
305 1107 332 1154 et
344 1102 418 1169 ursis,
432 1110 462 1154 ut
475 1118 605 1172 premerer
616 1119 689 1155 sacra

82 1197 84 1204 ·
102 1181 104 1188 '
117 1183 121 1194 '
177 1171 317 1238 Lausoque
329 1171 477 1242 collataque
489 1179 583 1242 myrto,

213 1240 274 1295 Non
287 1241 342 1294 sine
355 1239 405 1294 Dis
416 1242 550 1294 animosus
562 1241 659 1294 infans:

143 1311 246 1376 Vester,
260 1309 386 1379 camena,
399 1319 486 1364 vester
498 1311 526 1364 iu
539 1311 634 1364 arduos

141 1383 229 1441 Bollor
242 1378 358 1447 Sabinos,
371 1397 417 1434 seu
428 1380 495 1434 mihi
509 1380 635 1450 trigidum

176 1453 310 1508 Praeneste
322 1467 368 1503 seu
380 1450 462 1504 Tibur
473 1451 598 1521 supinum

211 1520 265 1575 Seu
277 1519 384 1588 liquidos
396 1519 519 1592 placuere
531 1521 611 1573 Ba'ioe.

139 1592 242 1647 Vestris
254 1590 369 1643 amicum
382 1590 499 1644 sontibus
511 1596 538 1642 et
550 1589 635 1642 choris
676 1605 679 1612 ·

138 1661 199 1718 Non
211 1677 255 1714 me
267 1658 399 1730 Philippis
411 1675 486 1714 versa
497 1659 566 1714 acies
578 1665 656 1727 retro,

172 1733 277 1789 Devots
288 1746 341 1782 non
354 1729 484 1782 exstinxit
496 1729 579 1798 arbos,

207 1800 265 1855 Nee
276 1797 366 1852 sicula
378 1799 520 1854 Palinurus
532 1799 611 1852 unde.

103 1897 105 1903 ·
138 1871 283 1938 Utcunque
293 1883 397 1923 meeum
410 1885 455 1922 vos
467 1869 549 1938 oritis,
561 1869 645 1924 libem

137 1939 319 1996 Insanientem
331 1939 423 1996 nsvits
435 1937 580 2008 Bosporum

170 2007 290 2066 Bentebo
301 2012 329 2060 et
341 2013 447 2060 urentes
459 2023 551 2064 arouse

205 2076 304 2132 Litoris
316 2075 416 2146 Assyrii
430 2076 522 2132 viator.

135 2148 228 2202 Visam
240 2146 381 2199 Britannos
393 2147 540 2216 hospitibus
551 2150 620 2203 feros

135 2215 172 2273 Bt
183 2217 277 2270 laton
288 2215 384 2284 equino
395 2217 526 2283 sanguine
537 2219 688 2278 &nonnum

173 2286 261 2340 Visam
273 2283 437 2352 pharetratos
450 2285 560 2344 Gelonos

204 2353 240 2407 Bt
252 2351 406 2421 Scythicum
417 2353 560 2414 inviolatus
572 2374 682 2416 murm

135 2421 189 2479 Vos
201 2422 329 2476 cesarem
341 2419 434 2504 utum,
445 2421 542 2482 militis
554 2425 632 2484 simul

134 2491 227 2549 reses
239 2489 358 2552 onnes
368 2489 485 2554 mhoit'
495 2494 606 2568 oppidis,

353 2596 451 2682 fiius
480 2621 579 2682 sunni
