2006 2814
118 32 170 92 212
432 33 590 92 HORA'HI

117 144 239 214 Attiugit
251 143 345 199 schum
357 141 377 197 J
377 141 432 196 oris
445 143 472 192 et
482 135 601 218 coelestia
613 144 717 199 tentet:

118 215 286 284 Principibus
298 213 427 284 placuisse
439 209 502 263 viris
514 223 568 258 ncn
580 209 679 266 ultima
691 214 749 268 laus
762 223 812 274 est.

117 288 179 342 Non
191 285 273 338 cuivis
286 283 387 337 homini
399 275 530 345 contingit
542 277 616 332 adire
629 281 797 344 Corinthum.

118 356 200 422 Sedit,
213 355 260 424 qui
272 354 370 420 timuit,
383 369 416 405 ne
428 365 482 404 non
495 347 653 404 succederet.
689 353 769 413 Esto!

118 425 196 493 Quid,
210 424 255 494 qui
267 423 394 495 pervenit,
406 419 504 474 fecitne
516 415 646 474 viriliterl
665 421 750 494 Atqui
991 473 992 480 ,

118 497 172 551 Hic
181 501 276 548 estant
284 509 421 574 nusquam,
430 487 499 559 quod
509 487 660 555 quaerimus.
679 493 733 548 Hic
743 513 811 554 onus
821 501 925 581 hon-ep,

117 567 156 620 Ut
167 565 256 636 parvis
268 563 363 617 animrs
374 567 402 614 et
432 575 495 612 ervo
507 573 613 638 corpore
625 564 726 632 majus:
888 585 926 636 40
991 559 992 614 l

117 635 171 690 Hic
184 633 255 688 subit
267 639 294 687 et
305 632 411 703 perfert.
446 628 503 682 Aut
514 633 599 708 virtus
611 645 708 686 nomen
721 633 803 692 inune
816 649 869 715 est,

116 706 173 760 Aut
184 704 263 756 decus
276 708 303 756 et
315 701 430 773 pretium
441 702 511 752 recte
523 702 592 764 petit
604 703 743 770 experiens
755 707 805 766 vir.

117 776 211 829 (loram
221 789 282 840 rege
295 789 341 824 suo
353 770 386 824 dc
397 786 450 838 pau
470 771 554 820 ertatc
566 772 685 826 tacentes

116 843 182 898 Plus
193 846 316 911 poscente
327 840 428 902 terent;
446 785 535 902 distat,
547 853 671 894 sumasne
682 843 824 919 pudenter,

116 914 160 966 An
171 911 265 980 rapies.
299 909 384 990 Atqui
394 924 482 961 rerum
494 911 576 975 caput
587 906 638 963 hcc
650 919 715 978 eret,
727 913 772 971 hic
784 917 857 982 fons,

116 982 133 1014 “
142 979 269 1033 Indotata
280 977 349 1032 miln
360 995 434 1031 soror
446 981 492 1042 est,
506 977 667 1044 paupercula
679 987 772 1050 mater,

116 1049 153 1104 Et
165 1049 264 1101 fundus
275 1066 324 1102 uec
336 1047 476 1102 vendibilis
488 1060 536 1096 nec
548 1060 654 1112 pascere
666 1049 784 1120 firmus,”

117 1119 168 1184 Qui
181 1119 254 1187 dicit,
267 1117 372 1186 clamat,
385 1117 516 1169 “Victum
530 1111 616 1168 date.”
652 1117 866 1201 Succiuitalte13

117 1188 177 1240 “Et
189 1188 255 1241 mihi
268 1187 376 1240 dividuo
388 1185 505 1240 findetur
516 1199 625 1240 munere
655 1189 762 1246 nadre?

114 1253 166 1309 Sed
178 1255 276 1307 tacitus
287 1253 360 1324 pasci
372 1253 394 1306 si
406 1257 493 1324 posset
505 1267 605 1318 corvus,
617 1255 653 1309 ha
673 1265 728 1314 eret
884 1283 923 1338 50

113 1323 179 1378 Plus
191 1323 266 1406 dapis
278 1330 306 1377 et
316 1323 382 1376 rixae
394 1320 579 1376 multominus
591 1323 759 1400 invidiaequs,
990 1379 992 1390 ,

112 1393 286 1449 Brundisium
298 1409 383 1446 comes
395 1397 443 1445 aut
455 1391 610 1445 Surrentum
622 1395 718 1452 ductus
730 1419 873 1470 amoenum
991 1399 992 1494 l

114 1464 166 1529 Qui
178 1463 298 1532 queritur
310 1461 423 1514 salebras
437 1466 464 1514 et
476 1460 598 1514 acerbum
610 1465 694 1534 frigus
707 1477 734 1525 et
746 1473 857 1554 imbres,
873 1460 882 1488 ⁸
991 1509 992 1530 r

112 1535 170 1588 Aut
181 1534 275 1588 cistam
287 1533 422 1588 effractam
434 1537 461 1584 et
473 1529 603 1586 subducta
614 1535 713 1592 vietica
743 1541 813 1602 lorat

109 1603 138 1658 N
139 1611 183 1657 ota
194 1604 275 1658 refert
287 1603 432 1656 meretricis
444 1599 572 1682 acumina,
586 1619 655 1674 saepe
668 1559 800 1684 catellam,
812 1591 821 1620 ’

112 1673 187 1742 Saepe
199 1672 378 1745 periscelidem
389 1679 494 1743 raptam
507 1669 662 1744 sib1flencis,
675 1680 715 1730 uti
729 1697 793 1742 mox

112 1743 193 1798 Nulla
205 1743 269 1797 fides
281 1743 384 1796 damnis
396 1743 517 1812 verisque
529 1739 660 1798 doloribus
672 1747 748 1806 adsit.

111 1812 167 1868 Nec
179 1814 259 1867 semel
270 1814 362 1867 irrisus
374 1813 459 1866 triviis
472 1809 591 1865 attollere
603 1821 679 1869 curat

112 1885 207 1936 Fracto
219 1899 294 1937 crure
305 1883 422 1953 planum,
436 1882 498 1934 licet
509 1879 550 1933 ilh·
580 1881 676 1938 lurima
688 1899 779 1950 manet

111 1952 237 2020 lacrima,
250 1971 296 2024 per
309 1957 428 2006 sanctum
437 1955 544 2022 juretus
556 1897 627 2007 dicat
641 1955 734 2012 Osirim
882 1984 922 2038 60

112 2023 249 2092 “creusa
261 2039 315 2078 non
327 2023 408 2088 iuu0;
426 2021 552 2091 crudeles,
564 2022 650 2078 roure
662 2000 789 2088 cundum
801 2039 827 2095 ρ·

112 2094 129 2121 “
139 2093 233 2160 Quaere
244 2091 437 2164 peregrinum?
450 2093 547 2148 ricinis
556 2109 635 2148 rauce
646 2098 782 2160 reclamat.
789 2129 817 2166 φ

247 2260 422 2318 EPISTOLA
438 2261 619 2322 xum-u>
631 2282 764 2331 nomime

108 2373 138 2428 81
150 2374 216 2428 bene
227 2379 255 2429 tc
267 2378 336 2446 novi,
349 2383 457 2448 metuas,
470 2379 602 2440 liberrime
614 2361 689 2458 Lolli,

107 2441 256 2496 scurrantis
267 2448 380 2516 speciem
392 2449 513 2518 praebcre,
526 2453 656 2520 professus
667 2461 792 2530 amicum

107 2509 145 2562 Ut
156 2517 276 2566 matrona
287 2517 418 2570 meretrici
430 2518 519 2587 disper
530 2522 581 2575 erit
592 2530 672 2596 atque

106 2577 230 2650 Discolor,
241 2581 323 2638 infido
335 2601 431 2642 nemra
443 2587 552 2645 durabit
563 2593 669 2658 amicus.
851 2587 855 2592 ’
988 2515 992 2778 J
