2006 2814
349 85 560 146 siricianis
581 90 619 146 ιι.
640 92 661 156 ι,
681 97 704 144 e.
880 83 923 140 us

144 201 204 260 “In
218 203 312 274 primis
326 203 447 258 Lucanus
461 221 542 274 ιιιοτς
560 207 615 258 leni
627 205 680 259 fuit
694 207 792 257 Austro

139 277 245 346 Captus,
260 285 289 331 ut
301 273 388 332 aiebat
400 291 479 332 coena
491 284 581 348 poten
598 277 668 331 acria
680 277 778 329 circum

139 347 250 416 Rapula,
262 347 379 415 laetucae,
391 347 498 413 radices,
511 345 600 416 qualia
611 348 709 399 lassum

137 415 292 470 Pervellunt
304 417 475 484 stomachum,
488 419 557 485 siser,
570 418 643 482 allec,
656 415 750 468 saecula
762 415 824 469 (loa.

138 485 189 538 His
204 486 247 539 ubi
260 487 369 540 sublatis
382 503 447 556 puer
459 488 512 541 alte
525 488 627 540 cinctus
640 501 760 538 aceniam
893 479 928 537 10

138 556 258 626 Gausapa
270 571 399 626 purpureo
411 571 527 610 mensam
541 556 669 627 pertersit,
682 562 709 606 et
722 554 789 607 alter

99 661 102 666 -
136 624 257 694 Subleglt
269 627 390 695 quodcun
409 641 443 680 ue
451 630 551 696 J'acerct
564 626 659 680 inutile
671 625 792 694 quodque

136 693 227 748 Posset
240 699 371 749 coenantes
384 711 398 749 o
419 697 513 750 endere
533 703 565 749 ut
577 696 668 749 Attica
680 693 753 762 virgo

136 761 202 817 (lum
215 765 294 818 saeris
307 765 413 832 Cereris,
426 738 544 835 procedit
556 767 645 818 friscus
659 763 805 832 Hydaspes,

135 833 247 887 Oaecuba
258 835 321 888 vina
333 835 425 900 ferens,
438 835 521 888 Alcon
534 835 626 889 (ibium
639 835 719 887 maris
731 845 831 903 expers.

133 899 188 953 Hic
200 900 298 954 herus:
316 902 475 967 ‘Albanum
490 901 627 972 Maecenas,
640 906 696 958 sire
708 905 850 958 Falernum

134 970 172 1023 Te
184 971 269 1038 magis
281 971 409 1040 appositis
421 971 543 1039 delectat,
557 972 684 1027 habemus
696 973 855 1044 utrumque?
863 973 879 1001 ''

135 1041 154 1070 “
162 1040 277 1093 Divitias
287 1041 414 1095 miseras!
441 1041 493 1094 Sed
506 1042 563 1110 quis
576 1044 742 1098 coenantibus
754 1059 817 1116 una,

136 1108 273 1177 Fundani,
285 1109 395 1179 pulchre
406 1110 488 1164 fuerit
500 1110 557 1178 tibi,
570 1126 644 1166 nesae
658 1113 772 1168 laboro.”

137 1179 152 1208 “
158 1179 284 1231 Summus
294 1185 378 1244 ergoet
387 1195 466 1249 prope
475 1197 518 1232 me
526 1180 620 1234 Viscus
628 1181 800 1250 Thurinuset
807 1183 885 1255 inira,
897 1189 932 1243 20

132 1248 161 1302 si
172 1249 288 1318 memini,
300 1247 404 1318 Varius,
416 1263 476 1304 eum
488 1249 598 1306 Servilio
610 1251 752 1306 Balatrone

132 1317 262 1388 Vibidius,
275 1335 338 1389 quas
351 1319 482 1374 Maecenas
494 1321 641 1374 adduxerat
653 1319 766 1376 umbras.

131 1387 313 1444 Nomentanus
325 1395 382 1443 erat
394 1403 472 1460 super
484 1393 578 1460 ipsum,
591 1391 698 1444 Porcius
710 1391 787 1460 inira,

131 1454 270 1514 Ridiculus
282 1465 350 1514 totas
363 1461 442 1513 semel
455 1459 588 1514 obsorbere
600 1461 742 1530 placent-ns.

130 1527 312 1583 Nomentanus
324 1529 359 1582 ad
370 1529 427 1597 hoo,
440 1531 493 1598 qui,
506 1531 528 1582 si
540 1531 604 1599 quid
616 1532 684 1582 forte
696 1530 797 1599 lateret,

130 1597 222 1652 Indice
234 1605 392 1652 monstraret
403 1599 502 1668 digit03
520 1616 582 1651 nam
595 1605 681 1651 cetera
693 1599 778 1667 turba,

129 1666 191 1738 Nos,
203 1669 320 1736 inquam,
332 1682 465 1721 canamus
477 1684 546 1734 aves,
559 1667 703 1736 conchylia,
715 1669 806 1737 pisces,

128 1736 218 1807 Ironge
230 1737 384 1791 dissimilem
395 1744 458 1790 noto
471 1738 585 1790 celantia
596 1753 717 1801 sirccum3

128 1805 167 1861 Ut
179 1808 221 1862 vel
233 1808 358 1862 continuo
370 1807 466 1876 patuit,
479 1821 560 1876 quum
572 1807 682 1876 passeris
695 1813 774 1876 atque

128 1875 270 1945 Ingustata
281 1875 348 1930 mihi
360 1883 511 1946 porrexerat
523 1877 570 1930 ilia
581 1875 691 1928 rhombi.
886 1877 920 1932 ³0

127 1945 192 1999 Post
203 1946 253 2000 hoc
264 1963 307 2000 me
319 1945 409 2000 docuit
421 1943 553 1999 melimela
565 1945 659 1999 rubere
671 1946 799 1999 minorem

128 2013 170 2068 dd
182 2015 274 2070 lunam
286 2015 395 2070 delecta.
432 2014 501 2080 Quid
514 2015 563 2068 hoc
575 2015 687 2083 intersit,
700 2016 733 2068 ab
745 2015 801 2085 ipso

126 2085 249 2138 Audieris
261 2085 362 2139 melius.
397 2085 465 2138 Tum
479 2083 601 2138 Vibidius
613 2083 763 2138 Balatroni:

127 2153 199 2209 ‘Nos
211 2157 263 2210 nisi
275 2155 399 2209 damnose
411 2153 526 2208 bibimus
546 2153 689 2208 moriemur
701 2155 798 2212 inulti:

125 2221 162 2278 Et
174 2223 268 2277 calices
298 2223 364 2275 oscit
375 2222 492 2289 majores.
526 2195 638 2275 Vertere
650 2218 734 2302 pallor

125 2293 193 2347 llum
204 2241 312 2362 parendi
323 2291 419 2344 faciem
431 2290 471 2344 nil
483 2289 520 2343 sic
531 2297 675 2344 metuentis
687 2295 719 2342 nt
731 2301 803 2343 ames

125 2362 240 2430 Potores‚
253 2361 295 2415 vel
307 2360 378 2430 quod
389 2359 565 2413 maledicunt
577 2358 739 2427 liberius,ch

125 2431 239 2486 Fervida
252 2425 321 2500 quod
334 2425 431 2483 subtile
443 2429 588 2484 exsurdant
601 2429 663 2482 ains
675 2427 803 2499 palatum

125 2500 268 2554 Invertunt
279 2500 403 2553 Allifanis
415 2499 517 2552 vinaria
529 2501 586 2552 tota

124 2561 247 2624 Vibidius
259 2569 425 2640 Balatroque,
437 2570 555 2640 sequutie
567 2565 687 2623 omnibus
694 2585 702 2636 3
719 2568 767 2626 imi
882 2564 918 2622 40

125 2641 247 2702 anese
258 2641 322 2698 loeti
333 2640 448 2697 nibilum
459 2653 571 2696 nocuere
581 2639 690 2712 lagenis.
