2006 2814
318 73 569 130 nplsnonsnunt
589 73 612 126 1.
632 75 656 140 6,
675 73 699 128 7.
852 65 904 124 199

121 181 164 234 Iro
176 179 245 231 foras
256 178 335 248 pleno
348 179 473 232 tendebat
485 197 591 247 corpore
602 180 713 243 frustra3

121 250 170 301 Cui
181 249 295 302 mustela
307 249 404 317 procul,
417 249 446 302 Si
460 250 504 314 ris
518 249 564 315 ait,
576 249 689 318 eli'ugere
702 249 787 308 istinc,

121 318 212 370 Macro
224 336 317 370 cavum
330 326 432 386 repetes
444 327 540 384 artum,
553 336 630 386 quem
642 336 729 372 macra
741 318 843 375 subisti.

121 388 181 440 Hac
193 405 241 456 ego
254 389 274 439 si
288 388 429 456 compellor
441 389 562 456 imagine,
575 396 671 440 cuncta
684 387 802 456 resign03

120 457 146 510 N
148 475 177 510 eo
190 475 310 509 somnum
324 457 406 526 plebis
420 458 498 510 laudo
512 466 586 511 satur
598 457 714 510 altilium
726 475 774 512 noo

122 527 184 580 Otia
196 527 297 579 divitiis
311 527 427 579 Arabum
441 527 573 580 liberrima
585 537 666 580 mrito.

121 596 197 665 Saepo
209 597 384 648 verecundum
398 597 522 661 laudasti,
535 615 633 664 rexque
646 603 772 667 paterque

121 666 228 718 Audisti
242 683 335 731 coram,
349 683 396 718 noc
410 666 487 718 verbo
500 667 604 734 parcius
616 667 723 721 absens:

122 735 236 803 Inspice,
250 735 270 786 si
284 753 387 804 possum
400 735 498 788 donata
509 754 633 804 reponere
645 736 730 791 laetus.

122 805 203 858 Haud
216 805 285 856 male
297 805 474 872 Telemachus,
487 805 571 873 proles
585 807 710 874 patientis
725 807 826 862 Ulixei:
880 810 915 862 40

121 873 182 926 Non
195 881 235 926 est
246 882 325 942 aptus
338 875 411 941 equis
426 874 530 926 ithace·
543 875 621 939 locus,
635 886 665 929 ut
679 894 764 944 nequo
777 877 863 947 planis

122 942 261 996 Porrectus
274 945 366 1011 spatiis
379 961 426 995 nec
438 944 530 996 multae
544 946 667 1013 prodigus
680 945 783 1012 herbae;

121 1013 223 1074 Atride,
236 1014 320 1081 magis
332 1030 348 1065 a
368 1021 396 1064 ta
409 1011 457 1064 tibi
471 1021 517 1065 tua
530 1014 598 1067 dona
610 1016 764 1084 relinquam.

122 1081 238 1135 Parvum
251 1100 332 1151 parva
344 1031 453 1144 decent;
471 1083 537 1134 mihi
546 1085 602 1151 jam
616 1101 667 1137 non
680 1087 753 1154 regia
767 1087 856 1158 Roma,

123 1152 174 1206 Sed
188 1169 300 1205 vacuum
314 1151 393 1204 Tibur
405 1152 492 1220 placet
504 1161 551 1205 ant
564 1153 667 1208 imbelle
680 1155 829 1212 Tarentum.

123 1221 251 1275 Strenuus
263 1229 291 1274 et
304 1222 378 1273 fortis
391 1222 526 1290 causisque
540 1222 679 1292 Philippus
691 1226 801 1294 agendis

124 1291 216 1344 Clarus
229 1290 262 1343 ab
274 1291 365 1343 officiis
378 1298 497 1344 octavam
511 1292 614 1345 circiter
626 1293 716 1348 horam

123 1359 194 1414 Dum
208 1361 276 1413 redit
288 1369 368 1430 atque
380 1360 446 1414 Foro
459 1362 571 1414 nimium
584 1363 681 1417 distare
695 1365 802 1420 Carinas

123 1429 143 1483 J
145 1448 187 1482 arn
200 1431 307 1498 grandis
320 1439 385 1483 natu
398 1433 525 1499 queritur,
538 1435 682 1501 conspexit,
695 1443 725 1487 nt
737 1436 822 1504 aiunt,

124 1499 255 1552 Adrasum
268 1500 399 1568 quendam
413 1517 496 1552 vacrin
509 1503 619 1554 tonsoris
633 1504 660 1554 in
673 1504 767 1556 umbra
883 1508 918 1561 60

125 1569 237 1621 cultello
250 1569 366 1647 proprios
379 1578 536 1637 purgantem
549 1569 644 1622 leniter
656 1588 765 1638 ungues.

120 1636 285 1702 ‘'Demetrr,”
299 1664 331 1672 -
345 1653 409 1702 puer
422 1636 465 1685 hio
478 1651 530 1686 non
543 1641 608 1686 liuva
616 1653 691 1702 jussa
704 1632 821 1703 fhilippi

121 1704 274 1774 Accipiebat
285 1733 321 1742 -
334 1702 405 1766 “abi
420 1719 506 1768 quaere
518 1713 544 1754 et
557 1705 630 1767 teser,
645 1705 713 1757 unde
726 1706 809 1770 domo,
821 1702 890 1774 quis,

121 1776 202 1844 Cujus
214 1777 335 1838 fortunae,
348 1788 400 1840 quo
410 1773 444 1823 sit
458 1782 531 1840 patre
544 1788 627 1839 quove
640 1773 773 1840 pat·ono.'’

123 1844 157 1908 It,
169 1843 238 1896 redit
250 1849 277 1894 et
290 1846 387 1905 narrat,
401 1839 537 1892 Volteium
549 1857 653 1893 nomine
667 1839 698 1892 M
700 1857 784 1912 enam,

123 1914 279 1975 Praeconem,
293 1909 366 1962 tenui
379 1925 466 1973 censu,
479 1909 534 1962 sine
547 1910 662 1974 crimino,
675 1917 775 1980 notum,

123 1983 160 2036 Et
172 1997 309 2051 properare
321 1979 377 2031 loco
389 1985 416 2030 et
429 1995 527 2031 cessare
539 1987 567 2032 ct
579 1996 692 2046 quaerere
704 1987 731 2032 et
745 1981 785 2036 uti

125 2051 289 2105 Gaudentem
302 2048 440 2117 parvisque
453 2049 584 2101 sodalibus
597 2059 624 2101 et
637 2050 690 2101 lare
703 2058 774 2104 certo

124 2121 160 2175 Et
173 2119 242 2170 ludis
255 2127 281 2170 et
294 2126 352 2186 post
364 2117 451 2169 decisa
463 2119 567 2182 negotia
581 2119 684 2186 Campo.

121 2189 137 2217 “
144 2186 240 2238 Scituri
252 2184 317 2237 libet
329 2203 363 2237 cx
375 2187 439 2253 ipso,
452 2183 626 2253 quodcunque
638 2185 718 2236 refers
732 2202 738 2247 ;
757 2183 800 2237 dic
879 2191 914 2241 60

122 2255 165 2310 Ad
177 2272 278 2307 coenam
292 2253 404 2308 veniao.’'
440 2255 463 2305 N
466 2271 499 2305 ou
513 2271 574 2306 sane
588 2254 692 2305 credero
708 2254 790 2319 liena,

123 2325 215 2379 Mirari
228 2341 315 2377 secum
329 2325 432 2376 tacitus.
470 2323 538 2386 Quid
551 2322 658 2376 multal
683 2327 697 2349 ‘¹
707 2322 848 2392 Benigne,”

124 2395 280 2464 Respondet.
305 2393 411 2462 “Neget
420 2394 464 2446 ille
472 2393 537 2444 mihi
546 2393 571 2445 l”
591 2395 605 2422 “
615 2393 702 2460 Negat
711 2393 746 2442 im
765 2394 879 2446 robuset
887 2398 913 2447 le

125 2464 247 2534 Negligit
261 2475 308 2517 aut
321 2464 434 2517 horret.'’
466 2463 602 2517 Volteium
614 2461 721 2514 maneP
744 2463 748 2472 “
762 2462 841 2532 ippus

129 2538 200 2596 Vilia
211 2535 369 2591 vendentem
381 2537 501 2587 tunicato
513 2542 602 2588 scruta
613 2537 717 2607 popello

470 2627 478 2648 ¹
494 2624 573 2667 illinon
