2006 2814
287 83 541 146 nPISrloneaun
560 81 582 138 1.
600 87 625 149 5,
644 85 668 138 6.
830 83 898 147 197·

74 197 106 255 Si
118 201 203 256 virtus
214 199 264 255 hoo
275 217 332 256 uno
343 206 430 272 potest
441 200 511 268 dare,
523 199 600 252 fortir
611 193 713 252 omissis
840 196 875 247 ³0

76 271 137 324 Hoc
149 289 198 340 age
210 272 318 326 deliciis.
355 271 489 324 Virtutem
501 269 581 322 verba
593 275 671 338 putas
683 273 711 319 et

75 341 181 394 Lucum
193 342 281 410 ligne:
301 357 365 395 care
377 357 411 394 ne
423 347 515 410 portus
527 344 637 407 occupet
649 337 723 403 ulter,

77 410 121 463 Ne
134 410 291 480 Cibyratica,
303 429 337 464 ne
350 411 471 479 Bithyna
483 409 590 478 negotia
602 407 711 477 perdas;

78 479 156 533 Mille
168 480 271 534 talento
282 480 465 548 rotundentur,
478 478 589 534 totidem
601 477 692 544 ultera,
704 491 779 545 porro
792 479 820 528 et

77 550 168 603 Tertia
180 551 321 604 succedant
334 557 360 603 et
373 567 431 620 quae
444 567 505 619 pars
517 549 630 618 quadrat
642 561 780 600 acervum:

77 618 186 672 Scilicet
197 635 307 674 uxorem
319 635 380 673 cum
392 620 453 674 dote
465 619 596 688 fidemque
608 623 636 670 ot
647 616 745 670 amicos

77 689 116 742 Et
147 707 211 742 enus
224 695 252 742 et
264 691 375 743 sormam
387 690 479 758 regine
491 689 602 758 pecunia
614 688 703 754 donet,

78 758 119 812 Ac
127 707 197 812 dene
209 765 378 813 nummatum
390 760 496 813 decorat
508 758 623 812 Suadela
636 758 785 826 Venusque.

78 828 222 898 Monoipiie
234 829 350 899 locuples
363 836 424 897 eget
436 829 494 882 serie
506 827 691 898 Cappadocum
702 841 764 879 rexr

78 897 121 951 Ne
132 897 214 951 fueris
226 898 270 952 hic
282 906 321 952 tu.
358 899 514 967 (ilrlemydes
526 897 662 966 Lucullus,
675 902 706 950 ut
717 895 803 962 aiunt,
840 897 876 947 40

79 963 109 1019 Si
122 971 207 1034 posset
219 972 328 1020 centum
340 983 422 1020 scona
432 965 545 1035 prebere
556 973 671 1033 rogetus,
758 963 871 1036 [habobo
929 1009 932 1012 .

80 1034 158 1098 “Qui
173 1051 280 1103 possum
296 1042 336 1090 tot
346 1036 373 1089 P'
391 1037 447 1100 ait3
466 1037 580 1087 “temen
595 1041 623 1088 ot
638 1051 755 1106 queram
767 1041 794 1088 et
806 1041 872 1104 quot

80 1102 191 1156 Mittam
199 1102 223 1154 :”
241 1110 300 1173 post
312 1105 402 1175 paullo
414 1103 504 1158 scribit
516 1103 566 1156 sibi
577 1104 662 1158 millia
674 1106 790 1174 quinque

80 1173 145 1227 Esse
157 1173 228 1227 domi
240 1173 424 1243 chlamydum
441 1178 545 1244 partem
556 1172 599 1226 vel
611 1172 715 1226 tolleret
727 1187 823 1228 omnes.

80 1243 167 1297 Exilis
179 1243 271 1296 domus
282 1249 328 1308 oet,
341 1242 387 1296 ubi
399 1259 452 1297 non
464 1250 491 1296 ot
502 1240 589 1296 multe
600 1249 741 1312 supersunt

81 1313 119 1367 Et
130 1313 266 1365 dominum
277 1313 376 1366 fallunt
388 1319 415 1366 et
427 1320 537 1382 prosunt
548 1311 658 1366 furibus.
694 1313 770 1384 Ergo,

82 1381 163 1437 Sires
175 1383 230 1436 sola
241 1389 328 1453 potest
339 1382 425 1436 facere
437 1389 464 1436 et
476 1399 578 1436 servare
590 1382 704 1450 bertum,

83 1451 143 1506 Hoc
154 1453 255 1521 primus
266 1458 369 1523 repetas
381 1469 453 1524 opus,
465 1453 515 1505 hoc
527 1459 673 1522 postremus
685 1454 799 1508 omittas.

83 1522 112 1576 Si
124 1522 290 1576 fortunatum
301 1521 400 1591 species
412 1529 439 1576 et
451 1521 537 1590 gratia
549 1529 667 1592 prestat,

83 1590 233 1645 Mercemur
244 1608 355 1660 servum,
368 1593 414 1660 qui
426 1592 509 1644 dictet
521 1593 634 1658 nomina,
647 1592 744 1644 luorum
840 1595 874 1644 50

85 1661 138 1726 Qui
149 1659 246 1714 fodicet
258 1661 368 1728 latus‚et
380 1668 457 1729 coget
470 1667 543 1714 trans
574 1661 671 1713 ondeta
683 1661 805 1714 dextram

82 1728 227 1798 Porrigere.
263 1730 279 1758 ‘⁶
290 1731 344 1782 llic
355 1730 472 1781 multum
484 1729 513 1780 in
522 1679 605 1780 Fairle
617 1728 695 1794 valet,
704 1729 750 1782 illo
760 1727 854 1784 Velina
865 1747 873 1796 ς

83 1797 132 1852 (lui
144 1799 209 1852 libet
220 1797 264 1854 hio
276 1799 359 1851 faeces
372 1797 446 1852 dubit
459 1797 604 1889 eripietque
616 1798 706 1850 curule

83 1868 137 1921 Cui
150 1868 221 1922 volet
233 1870 402 1938 importunus
414 1868 493 1921 ebur!
538 1866 638 1932 Frater,
651 1863 736 1933 Pater,
749 1866 835 1934 addej

82 1936 121 1990 Ut
133 1937 226 2006 cuique
238 1942 278 1990 ost
290 1943 361 2005 oetas,
374 1938 413 1992 ite
425 1953 553 2008 quemque
565 1939 666 1992 facetus
679 1940 783 2010 adopta.

82 2007 120 2074 Si,
132 2006 198 2059 bene
210 2007 256 2076 qui
268 2014 362 2076 ooenet,
374 2007 440 2061 bene
452 2007 527 2075 vivit,
539 2008 617 2074 lucet,
629 2025 719 2062 eamus

84 2077 142 2142 Quo
154 2076 229 2129 ducit
240 2076 318 2144 gule5
336 2077 617 2146 piroemur,venom11r‚
630 2083 661 2132 ut
673 2079 737 2132 olim

85 2149 138 2200 Gar
157 2145 223 2211 ilius,
236 2145 283 2214 qui
293 2163 371 2199 mene
383 2147 481 2218 plagas,
493 2147 630 2216 venabula,
643 2165 729 2202 servos

84 2163 227 2272 Diddrtum
238 2216 349 2269 transire
361 2217 447 2268 forum
460 2217 638 2286 populumque
647 2217 764 2290 lubebat,

85 2286 161 2339 Unus
173 2290 205 2337 ut
217 2301 231 2337 e
243 2285 335 2338 multis
347 2285 444 2355 populo
456 2303 467 2338 s
487 2293 591 2340 ectente
603 2289 711 2341 referret
844 2289 877 2344 60

85 2355 213 2423 Emptum
225 2354 314 2408 mulus
326 2369 426 2426 aprum.
462 2301 541 2408 drudi
553 2355 700 2428 tumidique
711 2356 838 2432 lavemur,

87 2425 156 2491 Quid
168 2425 266 2492 deceat,
280 2425 343 2494 quid
356 2439 416 2493 non,
428 2423 511 2494 obliti,
523 2425 616 2480 Currite
627 2443 686 2481 cera

86 2495 176 2576 Digni,
189 2495 328 2564 remigium
339 2497 463 2550 vitiosum
476 2495 622 2550 Ithacensis
635 2495 732 2569 Ulixei,

88 2567 138 2619 cm
169 2567 236 2620 otior
247 2565 334 2638 pstrle
345 2565 398 2620 fuit
410 2565 552 2623 interdicte
563 2567 693 2642 voluptas.

89 2635 127 2710 ut,
171 2636 176 2648 '
224 2636 764 2722 srmusuticsmotslnosmorojocisqos
