2006 2814
134 83 186 142 184
451 64 603 133 nouauit

135 191 207 242 Cella
213 191 280 258 jugo
292 206 299 252 ;
316 181 418 254 ‘iibeq
429 181 497 238 iiber
509 181 584 251 eum‚’
596 179 640 236 (iic
652 193 707 248 age.
746 171 807 232 Non
820 177 901 247 quie;

135 263 218 330 Urget
230 261 300 314 enim
312 257 433 311 dominus
444 261 559 310 mentem
571 269 624 305 non
636 251 702 303 ienis
715 253 742 301 et
754 262 826 300 aerea

134 331 271 400 Subjectat
282 330 349 382 lasso
362 327 482 380 stimulos
493 329 631 390 versatque
642 325 791 388 negantem

134 397 184 453 Vel
197 418 279 471 quum
291 399 420 451 Pausiaca
431 401 526 465 torpes,
538 390 636 456 meane,
649 385 755 454 tabella,

134 471 185 534 Qui
198 481 290 540 peccas
301 465 390 520 minue
402 475 480 534 atque
492 477 547 532 ego,
561 475 643 544 quum
657 456 737 512 Fulvi
750 455 920 524 Rutubaeque

135 540 192 593 Aut
204 535 356 592 Pacideiani
367 539 492 590 contento
504 529 604 602 poplite
615 529 697 582 miror

134 608 231 663 Proelia
242 607 348 662 rubrica
360 605 433 676 picta
444 608 492 656 aut
504 599 622 665 carbone,
635 597 710 652 velut
722 597 744 650 ei

134 679 173 733 ue
185 697 247 733 vera
278 681 387 746 ugrum,
399 673 497 726 feriant
509 668 648 738 vitentque
659 667 793 720 moventes

135 751 215 803 Arma
226 743 294 802 vini
329 743 450 813 Nequam
462 747 490 796 et
501 745 614 794 cessator
626 738 731 800 Davum
749 741 777 788 at
789 735 846 806 ipse
879 735 934 788 100

134 818 244 872 Subtilie
257 823 377 869 veterum
390 811 469 864 'udex
481 816 508 864 et
521 808 632 864 callidus
644 807 727 860 audis.

134 885 181 942 Nil
193 903 248 956 ego,
261 881 284 939 'si
296 881 377 938 ducor
385 831 442 935 iibo
453 881 587 934 fumante:
606 877 656 931 tibi
668 877 761 945 ingens

135 957 227 1010 Virtus
239 963 320 1024 atque
332 951 436 1012 animus
448 950 528 1004 coenis
539 953 675 1018 responsat
687 943 799 1016 opimIci

135 1021 297 1095 Obsequium
309 1021 408 1077 ventris
419 1019 487 1074 mihi
518 1016 668 1072 emicioeius
681 1022 721 1069 est
733 1013 797 1068 curi

135 1093 218 1164 Pergo
230 1095 331 1165 plector
342 1093 420 1146 enim.
456 1089 509 1156 Qui
523 1093 555 1142 tu
566 1085 722 1156 impunitior
734 1084 788 1151 ilia,

135 1165 201 1230 Quae
212 1174 293 1235 parvo
306 1161 375 1216 sumi
387 1164 529 1229 nequeunt,
541 1155 647 1211 obsonia
659 1153 768 1224 captari

134 1233 236 1304 Nempe
248 1235 443 1286 inamarescunt
456 1227 540 1298 epula
554 1225 609 1280 aine
621 1225 673 1278 fine
685 1223 784 1294 petitae,

136 1300 264 1372 Iliacique
276 1299 355 1372 pedes
367 1299 492 1355 vitiosum
504 1299 572 1350 ferne
583 1301 706 1348 recurant

136 1373 241 1442 Corpus.
277 1376 320 1424 An
331 1368 375 1424 hic
387 1374 488 1440 peceat,
500 1361 548 1421 sub
560 1369 664 1418 noctem
677 1361 722 1432 qui
734 1373 801 1484 guar
812 1371 894 1414 uvam
990 1351 991 1364 ¹

136 1441 247 1496 Furtita
258 1445 346 1494 mutat
359 1435 473 1508 strigilii
509 1434 561 1500 Qui
572 1433 672 1557 briandia
683 1447 734 1487 ven
754 1431 775 1484 it
879 1429 931 1484 110

135 1513 161 1565 N
162 1513 181 1565 il
194 1507 287 1566 servile
299 1511 369 1578 gnlae
381 1520 475 1578 parens
487 1503 567 1559 habet
619 1501 702 1570 Adde,
716 1471 785 1570 quoi
796 1495 869 1552 idem

135 1582 161 1635 N
162 1601 196 1636 on
207 1579 299 1636 horem
311 1586 400 1632 tecum
411 1591 466 1630 esse
477 1581 558 1646 potes,
571 1587 624 1626 non
636 1569 691 1626 otia
702 1575 773 1624 recte

136 1651 243 1719 Ponere,
255 1655 333 1719 teque
345 1649 433 1719 ipsum
445 1643 521 1712 vitas,
533 1642 665 1712 fugitivus
677 1645 704 1694 et
717 1654 781 1707 erro,

136 1722 156 1775 J
156 1740 201 1775 am
212 1723 274 1774 vino
286 1731 412 1790 quaerena,
420 1717 478 1784 jam
490 1727 579 1768 somno
591 1707 683 1764 fallere
695 1723 800 1762 curam:

136 1791 265 1856 Frustra3
283 1783 611 1854 nameomeeatrapremit
621 1783 791 1854 sequiturque
801 1781 953 1853 iugacch’

135 1861 238 1938 “Unde
249 1853 318 1980 11111]ἳὶ
331 1855 481 1928 lapidemi”
500 1857 513 1883 “
520 1855 651 1920 Quorsum
664 1859 704 1906 eat
716 1868 782 1923 opus
792 1847 820 1907 i*
839 1855 941 1911 “Unde

172 1935 287 1982 salitas
311 1927 325 1949 '¹

141 1947 326 2052 “Auiinsanit
338 1995 416 2048 homo
428 1999 477 2048 ant
489 2005 579 2048 verens
591 1985 683 2046 fucit.”
719 1989 735 2020 ‘¹
744 1987 824 2047 Ocius
838 1983 903 2048 iiiuc
912 1994 940 2050 te

145 2063 180 2122 iii
192 2065 273 2138 rapis,
286 2061 393 2120 accedes
405 2077 482 2136 opera
495 2077 557 2133 agro
570 2074 640 2116 nona
652 2057 775 2131 Sabinu}

415 2247 548 2306 saulieu
565 2240 646 2306 vni.

136 2365 152 2392 “
160 2364 202 2420 Ur
215 2356 354 2418 Nasidieni
363 2359 436 2432 juvit
449 2369 562 2422 tecoema
573 2355 664 2418 ineatii
804 2421 805 2426 ,

136 2432 208 2498 Nam
221 2431 288 2486 mihi
301 2432 430 2502 quaerenti
442 2437 580 2488 convivam
592 2433 679 2486 dictus
691 2421 754 2486 here
767 2429 823 2487 illic

137 2501 178 2554 De
190 2503 277 2554 medio
289 2509 381 2572 potare
393 2499 462 2556 die.”
498 2505 513 2531 “
522 2505 574 2570 Sic,
586 2511 618 2556 ut
630 2503 696 2554 mihi
708 2517 846 2570 nunquam

137 2571 174 2624 In
186 2573 244 2624 vita
255 2571 338 2623 fuerit
348 2571 469 2624 meliue.”
505 2567 520 2601 “'
529 2574 578 2640 Da,
590 2573 613 2623 si
624 2588 704 2640 grave
716 2588 769 2622 nou
782 2577 831 2642 est,

11 2659 72 2764 ι
138 2639 204 2710 Qua
215 2640 302 2714 prima
313 2639 414 2694 iratum
425 2647 544 2698 ventrem
556 2639 703 2714 placaverit
714 2633 798 2697 affl
