2014 2810
83 65 136 130 iso
340 69 344 82 ’
387 65 558 136 'noanon
620 81 623 88 '

84 189 124 244 Ne
137 196 258 260 sequerer
269 184 391 259 moechas,
404 187 525 246 concessa
537 202 620 260 quum
632 183 734 244 Venere
745 177 795 244 uti
861 179 868 258 ἶ

85 259 207 314 Possem:
225 258 241 286 ‘¹
250 251 379 330 Demi
390 255 524 313 nonbella
536 266 576 314 est
587 259 659 314 fama
670 257 808 328 Treboni‚”

86 325 189 386 Aiebat.
225 328 342 403 Sapiens,
355 327 443 386 vitatu
455 330 572 402 quidque
583 332 672 403 petitu
761 353 771 366 ··

79 397 127 453 'Sit
138 395 241 470 meiius,
254 413 346 456 causas
357 395 449 456 reddet
462 397 525 455 tibi:
543 399 657 468 instatis
669 405 716 468 est,
729 398 752 453 si
861 457 863 464 ,

85 469 224 524 Traditum
236 467 269 524 ab
281 467 398 541 antiquis
410 486 509 524 morem
522 483 623 524 servare
636 475 769 540 tuamque,

84 540 284 594 Dumcustodis
297 554 364 611 eges',
377 537 460 595 vitam
472 538 623 610 famamque
635 537 705 593 tueri
718 607 721 614 1

85 609 248 676 Incolumom
260 621 381 681 possum
399 611 478 663 simul
490 625 521 664 sc
533 606 668 664 duraverit
680 615 744 662 stas
791 611 801 627 '¹
830 605 879 661 119

84 677 204 734 Membra
216 681 392 749 animumque,
400 684 484 748 tuum,
493 679 568 734 nabis
581 678 637 732 side
649 679 751 732 cortice.
783 677 826 731 aio
837 689 879 730 m'e

85 744 227 803 Formab'at
239 767 353 820 puerum
366 745 451 818 dictis,
464 758 491 803 et
504 743 692 819 similem:
773 753 775 758 “

84 820 122 873 Ut
134 821 246 874 facerem
259 818 331 887 quid,
343 819 358 847 ‘¹
366 815 454 870 Habes
466 823 670 888 auctoremque
683 816 764 870 facitu
774 813 849 883 hoc,”

85 889 177 942 Unum
189 885 222 942 ex
231 884 367 956 judicibus
380 883 633 958 selectid'bbji'didbat
644 899 660 952 ;'

86 951 146 1012 Sive
156 949 352 1022 vetabam
363 953 412 1010 hoe
425 950 593 1010 inhonestum
605 963 633 1010 et
644 953 740 1009 inutile
751 955 825 1008 iactu

86 1028 112 1084 N
113 1045 175 1081 eene
188 1028 229 1093 sit,
242 1023 388 1094 addubites,
401 1025 494 1096 flagret
506 1041 609 1080 rumore
621 1023 691 1079 malo
703 1039 786 1095 quum
862 1035 863 1039 ’

88 1091 141 1150 Hic
153 1103 234 1165 atque
245 1095 291 1149 ille
300 1090 331 1150 t’'
356 1093 454 1150 Avidos
466 1095 584 1164 ricinum
596 1091 677 1149 funus
689 1099 721 1148 ut
734 1108 815 1164 agros

85 1165 230 1219 Exanimat
242 1161 384 1234 mortisque
396 1169 471 1218 metu
483 1162 532 1220 sibi
544 1180 650 1234 parcere
662 1165 750 1235 cogit,

86 1235 129 1290 Sic
142 1241 244 1288 teneros
257 1233 357 1288 animos
370 1233 457 1288 eliens
468 1233 607 1305 opprobria
619 1251 654 1288 sae
674 1253 688 1288 e
746 1246 748 1252 ’

85 1301 241 1359 Absterrent
253 1303 332 1364 vitiis.
368 1299 410 1356 dx
422 1305 471 1358 hoc
483 1319 530 1376 ego
543 1319 622 1357 sanus
634 1253 673 1358 ab
680 1302 739 1373 illis,
856 1361 858 1368 ,

86 1374 233 1428 Perniciem
263 1391 409 1443 uaeeunque
421 1373 518 1442 ferunt,
531 1375 704 1428 mediocribus
717 1371 815 1446 etquis
828 1369 878 1437 130

87 1444 217 1513 Ignoscas,
237 1455 241 1462 '
259 1445 302 1497 tiis
315 1449 419 1508 teneor;
436 1444 554 1497 fortassis
567 1447 594 1498 et
606 1443 685 1498 istinc

87 1513 207 1584 Largiter
219 1503 358 1568 abstulerit
370 1513 449 1582 longa
461 1518 531 1582 ratus
543 1508 609 1568 liber
621 1515 727 1583 amicus,

89 1583 231 1639 Consilium
239 1585 484 1654 proprium;ueque
492 1555 562 1636 enirn
592 1595 657 1636 uum
664 1583 777 1639 lectulus
785 1585 879 1638 autme

89 1652 211 1707 Porticus
222 1666 284 1706 exce
304 1651 333 1720 it,
347 1651 438 1706 desum
449 1649 524 1707 mihi.
558 1625 574 1682 ἃ
622 1653 690 1706 etius
702 1653 751 1705 hoo
763 1657 810 1720 est,

77 1722 149 1776 ¹Hoc
161 1721 259 1776 faciens
296 1736 357 1775 vam
368 1715 486 1775 melius.”
521 1721 786 1776 “dicdulcisamiois

91 1791 254 1846 Occurrem.'’
278 1789 357 1844 “Hoc
367 1789 475 1858 quidam
484 1801 537 1844 non
546 1787 627 1854 belle:
644 1790 775 1860 numquid
783 1785 881 1859 eguilli

91 1859 250 1930 Imprudens
262 1857 326 1912 olim
337 1857 433 1924 faciam
445 1859 529 1916 simile
540 1857 570 1915 i”
596 1856 661 1914 Hsee
673 1873 721 1928 ego
732 1874 836 1914 mecum

142 1931 245 2051 pressis
257 1930 329 2000 agito
342 1928 437 1995 labris;
454 1931 500 1983 ubi
513 1929 577 2000 quid
589 1929 668 1984 datur
680 1930 727 2000 oti,

89 1927 150 1982 Gom

87 1998 141 2052 Illu
159 2017 174 2053 ο
187 2001 292 2056 chartis.
329 1999 387 2054 Hoc
399 2006 439 2054 est
450 1995 624 2054 mediocribus
636 1999 689 2054 iius

86 2066 129 2120 Ex
141 2070 214 2136 vitiis
226 2085 326 2136 uuum3
344 2069 388 2124 cui
400 2071 422 2124 si
435 2069 574 2124 concedere
586 2070 661 2139 nolis,
827 2064 878 2123 140

87 2135 175 2191 Multa
187 2143 325 2208 potiturum
338 2137 426 2195 veniet
438 2153 539 2208 manus,
552 2138 652 2194 auxilio
664 2154 722 2210 quae
855 2152 857 2160 ’

87 2205 128 2260 Sit
139 2207 205 2260 mihi
212 2229 219 2274 ;
237 2221 299 2264 nam
311 2210 396 2263 multo
408 2207 496 2280 plures
508 2225 597 2264 sumus
610 2226 641 2264 ac
653 2209 736 2265 veluti
747 2209 776 2264 te

87 2275 107 2330 J
108 2275 178 2330 udsei
189 2295 311 2347 cogemus
322 2281 351 2334 in
363 2280 432 2334 hanc
445 2281 585 2334 concedere
597 2277 710 2336 turbam.

394 2394 523 2456 sarias
541 2396 572 2451 V.

88 2469 237 2538 desuasor
249 2497 346 2556 magna
357 2499 399 2542 me
412 2491 516 2560 crespio
529 2489 617 2543 Aricia
631 2485 714 2544 Roma

88 2548 210 2622 Hospitio
222 2553 338 2622 modico;
355 2559 444 2612 rhetor
456 2569 541 2612 comes
555 2556 718 2627 Heliodorus,

89 2621 237 2678 trecorum
249 2625 326 2696 louge
338 2621 516 2696 doctissimds3
533 2627 595 2683 iude
608 2629 704 2684 ibrum
716 2625 795 2701 Appi,
