2006 2814
141 94 196 149 22⁶
452 97 606 154 Honnrn

142 195 193 262 Qui
204 200 260 250 tam
271 193 414 248 ridiculum
425 197 481 248 tam
493 210 552 246 care
564 191 689 260 prodigus
700 190 773 260 emit,

141 263 235 319 Edicto
247 264 340 331 vetuit,
352 280 386 317 ne
398 262 457 332 quis
469 280 496 315 se
508 271 603 331 praeter
614 261 735 330 Apellem

141 333 266 403 Pingeret
278 341 326 386 aut
337 332 406 386 alins
418 332 532 400 Lysippo
544 331 651 384 duceret
663 347 714 384 aera
884 337 938 388 240

80 466 82 472 ,
142 403 229 458 Fortis
241 402 385 456 Alexandri
398 401 501 454 vultum
513 400 672 454 simulantia.
708 399 820 466 Quodsi

142 473 162 527 J
164 473 280 527 odicium
292 472 388 526 subtile
400 471 519 524 videndis
531 470 632 523 artibus
643 469 711 523 illud

142 543 185 596 Ad
197 543 276 596 libros
287 549 314 596 et
326 542 360 595 ad
373 541 430 594 haee
442 540 578 594 Musarum
590 539 658 593 dona
670 556 782 609 vocares,

142 612 265 667 Boeotdm
277 612 306 667 in
318 627 402 664 crasso
410 611 513 678 jurares
525 611 585 663 ae're
597 617 698 663 natum.

143 682 181 736 At
192 699 277 752 neque
288 681 445 734 dedecorant
456 686 504 732 tua
515 679 548 732 de
560 696 587 732 se
595 679 698 747 judicia
709 683 789 748 atque

143 751 263 818 Munera,
294 766 331 804 ua
343 749 428 802 multa
440 748 528 804 dantis
539 765 600 800 cum
612 747 691 801 laude
702 748 822 802 tulerunt

143 820 243 875 Dilecti
255 769 304 874 tili
316 818 443 887 Virgilius
457 817 603 886 Variusque
615 819 715 886 poitae3

144 889 201 944 Nec
212 890 296 958 magis
308 886 423 956 expressi
435 887 525 941 vultus
537 903 584 956 per
594 889 678 940 aenea
689 887 772 968 signa,

145 959 234 1020 Quam
245 975 292 1027 per
303 957 371 1011 vatis
383 973 449 1026 opus
460 973 543 1010 mores
555 956 689 1026 animique
701 972 817 1009 virorum

145 1028 280 1082 Clarorum
291 1033 426 1096 apparent
461 1025 517 1078 Nec
528 1042 658 1079 sermones
670 1042 717 1094 ego
729 1025 836 1078 mallem
883 1028 938 1081 250

146 1096 276 1167 Repentcs
288 1113 336 1166 per
346 1096 458 1148 humum
470 1112 548 1164 quam
560 1112 602 1148 res
614 1111 766 1164 componere
777 1100 874 1163 gestas,

145 1165 335 1248 Terrarumque
347 1167 413 1218 situs
425 1171 452 1218 et
463 1164 574 1217 flumina
585 1163 670 1217 dicere
682 1169 709 1217 et
721 1181 793 1216 arces
978 1147 979 1196 l

145 1235 282 1290 Montibus
294 1235 429 1304 unpositas
440 1244 468 1288 et
479 1233 589 1287 barbara
600 1251 682 1302 regna
693 1233 798 1302 tuisque

147 1304 278 1375 Auspiciis
290 1311 377 1358 totum
389 1303 508 1358 confecta
520 1302 608 1356 duella
678 1302 772 1370 orbem,

147 1373 319 1442 claustraque
331 1372 465 1426 custodem
477 1373 549 1442 pacis
561 1372 619 1426 cohi
637 1371 709 1425 entia
720 1371 822 1426 Jauum

146 1443 183 1500 Et
194 1441 479 1498 formidatam-Parthis
491 1449 518 1496 te
530 1441 647 1512 principe
660 1441 777 1508 Romam,

146 1511 182 1580 Si,
188 1519 449 1583 quantumcuperem,
455 1529 554 1580 possem
559 1527 672 1579 quoque;
684 1510 935 1581 sednequeparvum

147 1583 257 1637 Carmen
269 1583 392 1651 majestas
402 1582 496 1650 recipit
508 1587 556 1634 tua
567 1597 615 1633 nec
627 1596 700 1633 meus
712 1579 793 1632 audet

147 1651 214 1706 Rem
226 1658 328 1705 tentare
339 1651 430 1720 pudor,
442 1667 522 1719 quam
534 1649 601 1702 vires
612 1649 680 1702 ferre
691 1653 818 1703 recusent

147 1721 279 1776 Sedulitas
290 1727 387 1787 autem,
400 1719 481 1774 stulte
493 1735 571 1787 quem
583 1718 678 1788 diligit,
691 1724 776 1786 urget,
884 1721 936 1772 260

147 1789 284 1859 Praecipue
296 1806 377 1859 quum
389 1807 416 1842 se
427 1789 542 1842 numeris
554 1788 719 1842 commendat
730 1795 759 1840 et
769 1792 840 1843 arte:

147 1858 233 1914 Discit
245 1859 316 1912 enim
327 1859 406 1912 citius
417 1859 590 1926 meminitque
601 1856 726 1910 libentius
737 1856 812 1923 illud,

149 1929 224 1994 Quod
237 1928 295 1997 quis
307 1927 417 1995 deridet,
428 1945 509 1998 quam
520 1927 590 1996 quod
601 1926 694 1996 probat
706 1931 733 1979 et
745 1929 893 1984 veneratum.

148 1997 194 2052 Nil
206 2015 291 2050 moror
302 1997 424 2068 officium,
436 1997 505 2066 quod
517 2013 559 2050 me
571 2003 671 2064 gravat,
683 2013 715 2050 ac
727 2011 812 2067 neque
823 1995 886 2050 licto

149 2066 183 2120 Iu
195 2069 269 2137 pejus
281 2066 359 2121 vultu
371 2067 481 2136 proponi
492 2082 582 2119 cereus
594 2083 710 2134 usquam,

148 2135 204 2190 Nee
216 2153 296 2206 prave
307 2136 385 2188 factis
397 2135 513 2190 decorari
525 2134 641 2188 versibus
653 2143 723 2204 opto,

149 2205 190 2260 Ne
202 2204 309 2259 rubeam
320 2205 415 2274 pingui
426 2205 539 2258 donatus
550 2221 659 2258 munere
671 2211 698 2258 et
710 2221 764 2258 una

114 2283 116 2286 '
150 2275 216 2328 (ium
229 2275 354 2344 scriptore
365 2291 423 2328 meo
434 2291 466 2327 ca
485 2291 514 2327 sa
525 2279 658 2342 porrectus
670 2281 770 2342 aperta,

149 2339 259 2395 Deferar
270 2343 298 2396 in
310 2343 399 2399 vicum
411 2292 567 2396 vendentem
580 2342 641 2396 thus
653 2349 680 2396 et
691 2343 781 2396 odores

149 2409 187 2463 Et
196 2411 272 2480 piper
282 2417 310 2466 et
321 2411 450 2481 quidquid
461 2412 559 2466 chartis
570 2412 693 2466 amicitur
704 2412 809 2486 ineptis.
877 2413 935 2471 270
