2014 2810
68 73 121 134 174
387 77 546 132 HORATII

63 175 156 230 Pressa
167 175 326 230 Veneirsnae
339 175 408 245 quod
420 175 500 228 bucon
512 175 612 228 remisit
624 175 707 230 olivoe.

64 245 168 299 Picenis
180 246 278 299 cedunt
291 246 374 316 pomis
386 244 506 297 Tiburtia
519 262 611 309 suceo;
825 247 859 301 70

63 315 132 368 Nam
145 316 211 369 facie
224 324 358 384 praestant.
396 314 533 367 Venucula
545 315 667 367 convenit
680 315 746 381 ollis,

64 385 173 438 Rectius
186 385 316 438 Albanam
329 387 402 437 fumo
415 384 549 436 duraveris
563 401 648 438 uvam.

64 454 144 508 Hanc
156 472 203 523 ego
216 472 276 507 cum
289 455 372 519 malis,
385 471 433 522 ego
445 455 535 506 faecem
548 455 650 522 primns
664 453 776 523 stelles,

63 523 167 577 Primus
180 531 207 577 et
219 525 338 578 invenior
350 525 424 593 piper
436 524 525 575 album
538 541 599 576 oum
612 523 665 576 sele
678 524 753 592 nigro

63 593 198 647 lauretum
211 595 283 663 puris
296 594 511 662 circumposuisse
522 593 626 646 catillis.

64 663 183 717 Immune
195 672 235 717 est
247 665 342 716 vitium
355 663 417 715 dare
429 663 514 714 miliia
526 672 602 716 terna
613 662 723 715 macello

63 732 236 802 Angustoque
248 751 328 802 vagos
341 733 424 801 pisces
438 750 529 800 urgere
541 733 636 786 catino.

63 801 164 871 Magne
175 811 263 855 movet
275 803 408 854 stomacho
420 802 535 868 fastidia,
548 819 593 854 seu
606 819 672 870 puer
683 801 771 855 unctis

63 871 198 925 Tmctevit
211 871 319 925 calicem
331 871 460 937 manibus,
474 872 537 924 dum
548 873 640 924 furtan
654 872 746 940 ligurit
753 890 761 936 ;

63 940 125 994 Sive
137 942 223 1010 gravis
236 941 319 992 veteri
330 950 439 993 craterae
452 941 532 992 limus
544 942 662 995 adhaesit.
823 947 858 995 80

64 1010 167 1062 Vilibus
179 1012 207 1062 in
220 1011 312 1078 scopis,
325 1010 352 1061 in
365 1011 476 1080 mappis,
488 1011 516 1062 in
529 1010 604 1064 scobe
617 1016 733 1079 quantus

65 1080 189 1132 Consistit
202 1079 341 1148 sumptus?
377 1080 402 1132 N
404 1081 520 1149 eglectis,
533 1081 664 1148 flagitium
678 1081 779 1148 ingens.

63 1147 126 1202 'Fen'
140 1149 239 1218 lapides
252 1149 336 1201 varios
348 1149 481 1202 lutulenta
493 1151 584 1202 radere
597 1151 691 1219 palme,

63 1217 100 1270 Et
112 1218 203 1286 Tyrias
216 1219 277 1271 darc
290 1219 388 1270 circum
400 1218 475 1271 illota
487 1219 581 1271 toralia
593 1226 684 1287 vestes,

64 1287 190 1351 Obiitum,
203 1295 302 1356 quanto
315 1305 403 1340 curam
417 1295 603 1357 sumptumque
615 1290 742 1341 minorem

64 1354 129 1409 Haec
142 1357 264 1423 habeant,
277 1362 352 1409 tanto
364 1357 519 1425 reprehendi
528 1359 627 1426 justius
639 1359 700 1426 illie,

64 1425 129 1490 Ques
141 1427 192 1478 nisi
206 1425 332 1478 divitibus
345 1435 477 1506 nequeant
489 1427 640 1496 contingere
652 1426 786 1481 mensis'i'’

64 1494 169 1546 “Docte
180 1492 245 1557 Cati,
258 1507 304 1558 per
316 1490 460 1545 amicitiam
474 1495 606 1562 Divosque
618 1505 731 1566 rogetus,

63 1556 166 1612 Ducere
178 1576 221 1611 me
233 1557 363 1626 auditum,
376 1575 467 1628 perges
479 1575 642 1629 quocunque,
656 1574 792 1614 memento.

64 1626 133 1680 Nam
146 1629 264 1697 quemvis
276 1629 385 1682 memori
396 1629 493 1680 referas
505 1629 571 1681 mihi
585 1637 688 1698 pectore
701 1638 804 1698 cuncta,
823 1635 857 1682 90

64 1695 124 1749 Non
137 1704 226 1750 tamen
238 1698 366 1767 interpres
378 1698 536 1750 tantundem
545 1699 653 1765 juveris.
689 1700 764 1752 Adde

65 1765 177 1818 Vultum
189 1767 361 1835 habitumque
374 1767 493 1831 hominis,
507 1785 585 1834 quern
598 1777 628 1820 tu
641 1768 736 1821 vidisse
748 1769 841 1823 beatus

64 1834 125 1887 Non
137 1836 227 1904 magni
240 1836 338 1904 pendis,
352 1837 414 1905 quie
426 1837 553 1905 contigit3
572 1845 600 1890 at
612 1838 678 1890 mihi
691 1855 751 1890 cure

63 1903 90 1957 N
91 1921 124 1956 on
136 1905 273 1957 mediocris
284 1906 360 1972 inest,
373 1906 459 1958 fontes
473 1915 504 1958 ut
515 1907 588 1958 adire
600 1915 711 1959 remotos

64 1972 152 2043 Atque
163 1975 269 2028 haurire
281 1992 376 2044 queam
388 1975 450 2028 vitae
462 1985 595 2044 praecepta
608 1974 715 2030 beetse.'’

372 2158 501 2213 SATIRA
519 2160 550 2214 V.

67 2256 82 2284 ‘¹
91 2256 152 2308 Hoc
164 2273 274 2326 quoque,
286 2258 392 2321 rJiiresia,
405 2265 501 2326 preter
512 2263 620 2312 narrate
631 2260 734 2328 petenti

67 2323 211 2392 Responde,
224 2327 319 2394 quibus
331 2328 437 2380 emissas
450 2345 570 2396 reparare
582 2345 676 2396 queem
688 2347 729 2382 res

66 2393 174 2445 Artibus
186 2401 266 2462 atque
276 2396 367 2450 modis.
375 2397 488 2461 -Quid
501 2397 570 2449 rides
582 2396 660 2451 i'’-“
668 2398 765 2453 Jnmne
774 2399 863 2458 doloso

66 2461 126 2515 Non
139 2462 202 2514 setis
214 2471 252 2516 est
266 2464 385 2518 Ithacum
398 2467 486 2518 revehi
500 2467 649 2536 patriosque
662 2477 770 2536 penates

66 2529 207 2600 Adspicere
216 2530 243 2585 t'’
272 2531 318 2586 “O
330 2533 400 2588 nulli
411 2535 558 2604 quidquem
568 2537 688 2607 mentite,
700 2537 780 2607 rides,
792 2546 825 2593 ut

419 2629 432 2654 ¹
447 2620 515 2662 emt·
