2014 2810
87 67 138 122 138
404 57 561 114 HORATII

89 162 194 214 Dixeris
206 180 261 215 csse
273 164 336 216 satis
343 182 350 228 ;
368 181 461 233 neque,
474 165 496 217 si
508 163 554 234 qui
566 163 663 217 scribut
674 161 717 216 uti
727 175 776 215 nor

89 231 207 284 Semoni
219 234 346 302 propiora,
358 245 435 302 putes
448 235 519 286 hunc
531 251 585 287 esse
597 235 711 302 podtam.

88 301 231 370 Ingenium
244 303 286 355 cui
300 303 341 370 sit,
353 305 396 356 cui
408 322 481 357 mens
494 303 607 355 divinior
619 309 698 372 atque
710 319 739 356 os

89 371 189 440 Magna
202 383 363 441 efflaturum,
376 374 421 427 des
434 373 547 426 nominis
560 372 639 442 huJus
652 373 783 426 honorem.

90 441 191 495 Idcirco
204 443 318 511 quidam,
331 444 458 496 comoedia
469 460 551 496 necne
564 445 659 512 podms

90 511 173 578 Esset,
187 513 343 579 quaesivere3
361 514 430 583 quod
443 531 503 566 scer
517 513 624 582 spiritus
636 530 667 566 ec
680 513 720 566 ris

89 580 115 634 N
116 598 145 634 ec
158 582 243 635 verbis
255 600 302 636 nec
315 583 391 636 rebus
403 584 479 651 inest,
492 583 543 636 nisi
556 583 624 651 quod
637 582 703 652 pede
715 586 785 636 certo

90 654 186 707 Differt
195 655 314 719 sermoni,
327 672 410 707 sermo
422 670 517 707 merus.
553 654 567 682 ‘⁶
576 654 613 706 At
625 659 700 720 pater
711 653 807 706 arden!

92 728 180 797 Saevit,
193 730 262 799 quod
274 729 408 782 meretrice
420 746 500 798 nepos
512 729 620 782 insanus
631 729 717 782 amics

92 798 177 852 Filius
189 817 297 852 uxorem
309 799 403 866 grandi
415 815 475 851 cum
487 799 548 852 dote
560 805 669 866 recuset,
847 801 882 850 50

92 868 187 922 Ebrius
200 877 233 933 et,
246 886 372 933 magnum
385 869 453 937 quod
467 868 585 932 dedecus
598 869 716 921 ambulet
728 875 790 922 unte

91 937 201 991 Noctem
214 955 274 990 cum
287 940 413 994 facibus.’'
447 939 584 1007 Numquid
598 939 758 1009 Pomponius
770 939 828 992 istis

93 1005 205 1060 Audiret
217 1008 321 1077 leviore,
334 1017 409 1078 pater
421 1011 442 1062 si
455 1010 571 1064 viveretl
606 1010 676 1079 Ergo

92 1075 153 1129 Non
166 1079 229 1130 satis
241 1085 280 1130 est
293 1080 366 1148 puris
378 1098 481 1133 versum
493 1079 650 1150 perscribere
663 1079 754 1149 verbis,

93 1146 179 1210 Quem
191 1148 212 1200 si
225 1148 356 1216 dissolvas,
369 1151 454 1219 quivis
466 1151 642 1203 stomachetur
654 1150 745 1203 eodem

94 1216 151 1280 Quo
164 1228 317 1287 personatus
330 1228 406 1288 pacto
418 1211 593 1288 pater.¹¹'il'is‚
605 1237 653 1288 ego
665 1237 723 1289 quae
735 1236 814 1288 nunc,

94 1285 163 1338 Olim
176 1305 234 1356 quse
247 1290 351 1358 scripsit
363 1290 487 1356 Lucilius,
500 1290 594 1359 eripias
607 1289 628 1342 si
820 1287 883 1411 pest,

93 1355 220 1426 Tempora
232 1366 304 1410 certa
316 1359 456 1428 modosque
468 1367 502 1426 et,
512 1360 581 1428 quod
594 1361 667 1429 prius
676 1360 766 1413 ordine
774 1377 820 1414 ver
838 1375 884 1410 um

93 1424 226 1480 Posterius
238 1429 327 1494 facias,
339 1447 492 1498 praepcnens
506 1429 600 1482 ultima
612 1430 710 1499 primis,

92 1497 160 1566 Non,
172 1507 204 1552 ut
217 1500 238 1551 si
251 1497 342 1565 solvas,
356 1499 522 1564 “Postquam
534 1500 671 1554 Discordia
683 1506 751 1554 tetra
851 1504 886 1554 60

92 1570 160 1623 Belli
173 1571 282 1623 ferratos
295 1578 380 1638 postes
392 1579 531 1636 portasque
543 1565 675 1635 refregit,’'

93 1639 217 1693 Invenias
230 1639 310 1692 etiarn
323 1638 426 1706 disjecti
438 1637 555 1690 membra
567 1639 660 1706 podtae.

93 1709 231 1762 Hactenus
243 1710 315 1761 haec:
333 1709 406 1773 eliae,
416 1709 518 1776 justum
531 1706 566 1760 sit
578 1724 660 1760 necne
671 1707 773 1776 poima,

93 1777 171 1831 Nune
184 1779 251 1832 illud
264 1785 370 1831 tantum
383 1795 506 1845 quaersm,
518 1777 645 1829 meritone
658 1776 707 1828 tibi
720 1776 755 1829 sit

94 1848 143 1902 Sus
177 1857 251 1902 ctum
263 1866 346 1916 genus
358 1847 409 1899 hoc
422 1847 558 1900 scribendi.
594 1845 699 1899 Sulcius
712 1863 771 1898 acer

94 1919 146 1972 Am
165 1919 222 1971 ulat
234 1926 261 1970 et
274 1917 391 1986 Caprius,
403 1917 474 1969 rauci
487 1917 556 1969 male
569 1933 679 1984 cumque
692 1915 796 1979 libellis,

93 1987 209 2057 Muguus
221 1995 331 2056 uterque
344 1988 422 2040 timor
433 1987 594 2050 latronibus3
612 1993 640 2037 at
653 1985 719 2038 bene
732 1984 825 2053 siquis

93 2057 129 2111 Et
142 2059 215 2110 vivet
227 2057 299 2126 puris
311 2057 440 2121 munibus,
453 2064 605 2109 contemnat
617 2063 766 2123 utrumque

93 2127 132 2180 Ut
144 2128 179 2179 sis
191 2135 222 2180 tu
234 2126 327 2179 similis
340 2127 402 2179 oeli
415 2124 483 2178 Birri
502 2143 535 2177 ue
547 2125 688 2190 latronum,

93 2195 153 2248 Non
167 2213 214 2264 ego
226 2213 285 2248 rum
298 2197 375 2264 Capri
387 2213 472 2264 neque
484 2144 570 2249 isloi:
589 2211 635 2246 cur
647 2201 751 2246 metuas
761 2191 886 2306 m⁶ls7⁰

93 2263 176 2318 Nulla
188 2265 297 2318 taberna
308 2283 379 2318 meos
391 2265 486 2319 habeut
498 2282 582 2332 neque
595 2264 650 2332 pila
662 2262 771 2330 libellos,

94 2334 267 2400 Quiemenus
280 2335 385 2388 insudet
398 2335 471 2403 vulgi
485 2334 709 2401 Hermogenisque
721 2332 830 2401 Tigelli:

94 2402 150 2455 Nec
161 2403 243 2455 recito
256 2404 380 2471 cuiquam
391 2405 442 2456 nisi
455 2404 553 2471 amicis,
565 2403 644 2471 idque
657 2410 771 2469 coactus,

93 2480 153 2534 Non
166 2479 252 2530 ubivis
264 2497 384 2532 coramve
396 2478 564 2548 quibuslibet.
599 2481 613 2505 ‘⁶
622 2478 654 2529 ln
667 2478 752 2529 medio
764 2475 812 2546 qni

31 2571 33 2574 ·
95 2547 199 2615 Scripta
211 2548 266 2600 foro
278 2550 396 2614 recitent,
409 2557 472 2601 sunt
483 2549 560 2600 multi
574 2547 672 2616 quique
685 2547 811 2620 laumas.

34 2651 35 2654 =
95 2617 182 2678 suave
193 2616 265 2670 locus
278 2617 336 2671 voci
347 2626 451 2696 respuat
462 2616 621 2672 conclusus.”
657 2616 756 2670 lnanes

178 2701 216 2722 Μ

721 2768 727 2771 ..
745 2756 863 2769 .-,.----··Γ

975 420 985 682 l
