2014 2810
326 79 536 135 SATIRARUM
554 80 576 134 1.
595 83 619 149 ὅ,
638 85 663 136 6.
840 81 891 137 143

103 183 223 238 Vulcano
236 200 368 236 summum
380 183 536 252 properabat
547 182 662 236 lambere
674 188 782 237 tectum.

103 255 231 308 Convivas
244 253 333 306 avidos
346 270 446 304 coenam
460 269 597 320 servosque
609 253 731 306 timentes

5 373 6 376 ,
102 325 170 377 Tum
184 340 273 392 repere
286 330 365 390 atque
378 340 466 374 omnes
478 323 640 390 restinguere
652 321 719 376 velle
732 323 840 376 videres

104 393 204 462 Incipit
217 411 250 444 ex
262 392 307 452 illo
319 401 421 444 montes
434 393 532 460 Apulia
544 401 618 446 notos

104 463 243 515 Ostentare
255 462 328 528 mihi,
341 479 405 530 quos
418 470 499 514 torret
512 461 651 526 Atabulus,
663 465 690 513 ot
702 476 766 528 quos

104 531 247 600 Nunquam
260 549 302 583 ere
322 549 414 597 semus,
426 532 477 583 nisi
488 549 533 584 nos
546 531 633 584 vicina
644 532 741 585 'Ibivici

104 601 177 654 Villa
188 601 287 669 recepis
300 619 314 652 e
327 641 333 666 ‚
357 602 481 653 acrimoso
493 619 546 653 non
558 602 614 653 eine
626 602 707 669 fumo,
863 603 897 654 80

104 671 177 723 Udos
189 688 249 722 eum
262 671 331 722 soliis
343 688 428 723 ramos
441 678 533 723 urente
545 671 654 752 Q.

105 740 158 794 Hic
171 757 218 807 ego
230 740 383 792 mendacem
395 739 564 793 stultissimus
576 759 659 810 usque
671 740 786 809 puellam

104 810 148 862 Ad
159 810 273 861 mediam
286 817 390 861 noctem
402 817 538 878 exspecto:
557 829 663 864 somnus
676 819 765 863 tamen
776 809 862 864 aufert

106 879 245 932 Intentum
258 879 369 943 Veneri;
387 886 446 931 tum
459 881 593 933 immundo
606 883 705 933 somnia
717 881 777 934 visu

105 949 131 1002 N
133 958 270 1001 octnmam
282 957 381 1002 vestem
393 949 529 1001 maculant
541 958 711 1020 ventremque
724 951 855 1020 supinum

108 1018 240 1082 Quattuor
252 1018 314 1070 hinc
326 1021 443 1086 rapimur
455 1019 552 1086 viginti
564 1027 591 1072 et
603 1020 677 1072 milia
688 1020 782 1089 rhedis,

107 1087 227 1140 Mansuri
240 1087 372 1156 oppidulo,
385 1088 454 1156 quod
467 1106 543 1140 versu
556 1088 641 1142 dicere
653 1107 706 1141 non
718 1096 765 1158 est,

108 1157 196 1225 Signis
209 1157 333 1226 perfacile
345 1165 398 1210 est:
417 1157 490 1209 venit
503 1158 628 1211 vilissima
640 1176 726 1212 rerum

108 1227 162 1280 Hic
174 1244 243 1295 aqua
250 1246 257 1292 ;
275 1226 320 1279 sed
333 1228 409 1296 panis
421 1210 498 1294 lffrffic
510 1224 709 1296 pulcherrimus,
721 1230 792 1283 ultro

109 1296 226 1350 Callidus
240 1303 269 1348 ut
282 1296 363 1349 soleat
375 1297 490 1349 humeris
503 1305 606 1365 portare
618 1299 703 1352 vietor
710 1318 717 1363 ;
865 1302 898 1352 90

108 1366 178 1421 Nam
192 1365 289 1419 Canusi
303 1366 441 1435 lapidosus,
454 1384 529 1435 aquae
542 1384 595 1420 non
607 1368 686 1422 ditior
698 1368 780 1435 urnt3

109 1436 162 1500 Qui
174 1436 245 1488 locus
258 1453 274 1488 a
286 1436 348 1488 forti
360 1437 486 1489 Diomede
498 1444 538 1489 est
550 1439 670 1491 conditus
682 1439 752 1492 olim.

108 1504 247 1559 Flentibus
259 1505 321 1558 hinc
335 1506 429 1558 Varius
442 1507 551 1559 discedit
563 1515 670 1560 maestus
682 1509 780 1563 amicis

10 1595 17 1604 ··
110 1575 177 1628 Inde
191 1575 277 1627 Rubos
289 1575 351 1627 fessi
363 1577 535 1644 pervenimus,
548 1583 579 1629 ut
598 1583 640 1630 ote
653 1578 761 1645 longum

110 1646 252 1714 Carpentcs
264 1646 314 1698 iter
326 1653 353 1697 et
366 1647 466 1698 factum
479 1663 572 1714 corrup
586 1663 626 1698 rus
639 1647 723 1700 imbri

109 1713 218 1768 Postera
226 1723 367 1784 tempestas
379 1716 477 1781 melior,
490 1716 533 1767 via
545 1718 617 1785 pejor
628 1716 745 1783 adusque

110 1785 173 1838 Bari
185 1785 282 1837 moenia
294 1785 403 1854 piscosi;
421 1785 482 1838 dein
496 1786 599 1852 Gnatia,
612 1785 727 1854 lymphis

110 1853 191 1907 Iratis
203 1863 346 1920 exstructa,
358 1854 432 1906 dedit
443 1856 561 1923 risusque
570 1857 701 1924 jocosque,

110 1923 182 1977 Dum
194 1925 300 1976 flamma
313 1925 368 1976 sine
380 1924 460 1976 thura
472 1925 612 1993 liquescere
625 1925 716 1978 limine
728 1942 799 1978 sacro

110 1992 270 2046 Persuadere
283 1994 364 2063 cupit.
401 1995 495 2047 Credet
507 1996 526 2048 J
528 1995 619 2048 udaeus
631 1997 732 2065 Apella,
850 1999 902 2049 100

110 2063 170 2116 Non
184 2080 244 2130 ego:
263 2081 375 2133 namque
388 2064 456 2118 Deos
468 2065 549 2117 didici
562 2083 681 2118 securum
694 2083 771 2134 agere
783 2083 875 2137 rerum,

111 2132 175 2195 Nec,
188 2133 287 2200 siquid
300 2135 359 2185 miri
373 2134 453 2187 faciat
465 2142 567 2200 natura,
580 2135 649 2188 Deos
661 2135 689 2188 id

111 2202 209 2254 Tristes
222 2219 253 2254 ex
267 2202 320 2255 alto
333 2203 390 2256 coeli
404 2205 541 2258 demittere
554 2213 630 2258 tecto.

111 2270 293 2326 Brundusium
305 2272 390 2341 longao
403 2273 462 2326 linis
475 2275 623 2344 chartaque
635 2276 736 2347 viaeque
748 2281 794 2330 eat.

408 2440 538 2496 SATIRA
556 2443 602 2500 VI.

113 2553 257 2624 Nonquia,
270 2551 406 2620 Maecenas,
419 2553 551 2623 Lydorum
565 2556 692 2626 quidquid
704 2559 827 2616 Etruscos

114 2623 229 2682 Indoluit
240 2624 312 2692 fines,
325 2640 401 2678 nemo
413 2625 560 2696 generosior
572 2633 611 2680 est
623 2635 657 2697 te,
