2014 2810
67 83 118 146 128
385 92 542 152 HORATII

62 191 185 264 Denique
197 193 232 250 sit
244 193 303 250 finis
316 195 457 268 querendi,
470 213 604 270 quumque
615 195 713 255 hebens
725 198 793 274 plus,

61 263 220 335 Pauperiem
231 271 286 319 met
375 266 381 279 ”
402 268 560 352 usffiipirc
571 268 688 323 laborem

62 334 185 406 Incipias,
199 341 275 406 perte
287 353 338 408 quo
386 325 435 392 vei)
453 355 471 406 s,
483 355 517 391 ne
529 338 611 392 iacias
623 339 693 409 quod

62 399 212 459 Ummidius
225 405 348 476 quidsm;
365 424 384 459 n
443 425 511 476 ongn
523 414 563 462 est
574 407 680 464 fabula:
699 407 779 478 dives,

62 473 100 528 Ut
111 475 251 530 metiretur
262 493 397 542 nummos;
415 479 455 531 its
467 478 593 546 sordidus,
606 484 638 531 ut
650 496 677 532 se

61 545 88 598 N
88 562 123 598 on
134 562 253 615 unquam
265 563 338 602 serso
349 548 445 600 meiius
456 548 579 613 vestiret;
597 530 769 618 adusqueffi

62 615 221 685 Supremum
232 621 325 688 tempu
357 632 391 670 ne
403 635 431 671 ss
442 618 553 688 penuria
565 617 652 670 victus

63 684 237 754 Opprimerct,
249 693 338 740 metue
357 691 392 740 at
427 686 465 740 At
477 685 548 740 hunc
559 684 655 740 liberte
668 685 754 742 securi

63 753 161 809 Divisit
172 755 296 820 medium,
308 755 451 810 fortissima
462 755 682 821 Tyndaridarum.
809 759 859 812 100

99 823 192 888 “Quid
202 823 238 875 mi
249 822 333 890 igitur
344 819 454 874 susdes't
471 826 503 872 ut
512 821 600 873 vivam
611 821 744 883 Mssniusi
761 837 809 924 suit
818 847 855 882 sic

67 892 103 947 Ut
114 889 335 947 Nomentanust”
354 888 404 949 Per
424 888 444 940 ‘s
474 905 493 940 u
565 889 865 970 tissecumtfflffmst
923 937 931 952 .

731 937 752 959 t..

69 957 338 1081 sreQerss
376 903 659 1044 ,Μὴ
672 977 784 1016 svsrum
799 961 972 1035 ww&

70 1031 158 1096 Quum
169 1035 230 1083 veto
255 1015 394 1096 etsist
410 1011 561 1095 “umjnbeo
573 1045 604 1082 sc
616 1029 783 1153 new

71 1100 120 1154 Est
129 1100 200 1153 inter
212 1099 316 1153 Tanain
327 1114 374 1167 qm
479 1113 634 1169 ocerumqus
671 1116 709 1153 sse
731 1119 749 1155 1.

72 1169 119 1224 Est
130 1169 223 1222 modus
234 1169 264 1220 in
275 1167 360 1236 rebus,
372 1173 435 1221 sunt
447 1167 512 1220 certi
525 1168 638 1237 denique
650 1169 723 1238 fines,
741 1139 822 1358 X?

72 1240 142 1307 Quos
153 1239 226 1292 ultra
237 1238 356 1308 citraque
367 1237 460 1308 nequit
471 1237 613 1291 consistere
624 1244 735 1294 rectum.
777 1275 782 1300 s

72 1308 148 1377 Illuc,
160 1308 231 1361 unde
243 1306 304 1375 abii,
316 1306 400 1375 redeo,
412 1324 489 1360 nemo
501 1312 533 1360 ut
544 1324 639 1360 esurus
782 1303 787 1330 '¹

72 1378 105 1433 Se
117 1378 251 1450 probetne
263 1377 350 1448 potius
361 1376 453 1430 laudet
465 1376 568 1430 diverse
580 1383 726 1446 sequentes,

73 1448 200 1518 Quodque
212 1449 299 1502 aliens,
310 1447 413 1518 capella
424 1451 500 1514 geret
512 1446 654 1501 distentius
666 1449 739 1518 uber,
814 1451 865 1502 110

73 1517 206 1586 Tabescst,
218 1534 304 1588 neque
316 1535 343 1570 ss
355 1516 448 1585 majori
460 1516 646 1585 psuperiorum

73 1588 166 1642 umbae
178 1593 318 1658 comparet,
330 1586 402 1640 hunc
414 1591 499 1708 atqu?
506 1585 578 1639 hunc
590 1603 712 1657 superare
723 1586 831 1643 laboret.

73 1658 117 1714 sic
128 1658 266 1712 festinent
278 1674 380 1727 semper
390 1656 478 1726 locupl
494 1656 546 1708 tior
557 1656 651 1723 obstet,

74 1729 119 1796 Ut,
132 1741 213 1797 quum
225 1727 370 1780 carceribus
381 1725 473 1780 missos
484 1725 556 1796 sapit
567 1727 669 1798 ungule
681 1743 779 1797 currus,

75 1797 162 1851 Instat
173 1798 247 1867 equis
259 1797 352 1866 ausign
364 1813 423 1849 suos
435 1795 610 1866 vincentibus,
622 1797 699 1852 illum

75 1867 244 1921 Praeteritum
256 1872 376 1920 temnens
388 1871 518 1920 extremos
530 1866 601 1921 inter
613 1873 727 1923 euntem.

75 1936 142 1991 Inde
153 1937 192 2005 fit,
205 1943 236 1989 ut
248 1953 314 2006 raro,
327 1936 373 2006 qui
385 1953 413 1990 se
424 1935 521 1990 vixisse
533 1935 641 1992 beatum

20 2038 28 2048 ·
74 2006 155 2062 Dicat
167 2014 194 2061 et
206 2012 299 2060 exacto
311 2012 451 2062 contentus
462 2011 580 2078 tempore
591 2007 648 2061 vita

76 2077 158 2131 Ocdst
169 2077 211 2130 uti
223 2075 334 2131 conviva
345 2082 425 2146 satus,
437 2077 550 2147 reperire
563 2095 696 2148 queamus.

76 2146 97 2202 J
97 2164 140 2200 sm
152 2147 216 2201 setis
228 2153 275 2201 est.
310 2146 336 2201 N
337 2139 409 2200 eme
418 2145 532 2217 Crispini
544 2148 639 2202 scrinis
650 2147 689 2218 lip
707 2146 716 2199 i
817 2141 869 2204 120

77 2217 235 2302 Osmpilsssg
246 2221 330 2289 putes,
342 2215 453 2272 verbum
464 2235 518 2273 non
530 2219 644 2292 amplius
655 2165 758 2275 sdgsm.

378 2387 508 2446 SAOEIRA
525 2387 564 2445 11.

76 2497 294 2554 Aussssmssu
308 2497 425 2570 collegis,
437 2499 652 2572 phumscopolae,

76 2565 204 2635 Mendici,
215 2568 311 2636 mimae,
323 2567 478 2638 balatrones,
490 2569 540 2624 hoc
552 2587 635 2640 genus
648 2587 724 2625 omns

95 2635 202 2694 ‘estun
213 2655 245 2694 sc
256 2637 399 2694 sollicitum
410 2646 451 2694 est
463 2639 576 2696 cantoris
587 2646 672 2698 morte
681 2639 793 2712 ugoni:
