2006 2814
302 75 557 129 EPISTOLARUM
575 74 597 128 I.
616 78 656 135 14.
676 78 717 126 lo·
853 75 904 136 207

117 173 201 240 Quem
215 177 264 230 seis
277 179 420 232 immunem
434 181 535 233 Cinnrae
548 181 676 250 placuisse
688 183 784 251 rupuei,

114 246 199 310 Quem
213 248 331 300 bibulum
345 251 438 318 liquidi
451 251 536 303 inedia
549 252 581 303 de
595 252 651 304 luce
665 251 776 317 Falerni,

113 317 194 370 Coena
208 318 291 370 brevis
300 322 380 387 juret
392 329 418 372 et
432 339 510 388 prope
523 321 608 372 rivum
622 339 727 373 somnus
739 323 768 374 in
780 322 875 390 herbo3

112 385 169 438 Nee
183 388 274 440 lusisse
287 390 376 455 pudet,
390 391 433 441 sed
448 407 498 441 non
513 391 626 443 incidere
640 391 738 444 ludum.

112 455 136 508 N
140 473 172 508 on
187 457 245 508 istie
258 458 361 526 obliquo
375 460 449 511 oculo
461 477 520 512 mee
533 461 666 512 commode
680 461 818 528 quisquam

113 525 209 589 Limus,
223 543 273 578 non
288 529 347 580 odio
360 528 466 581 obscuro
479 547 617 597 morsuque
631 538 758 594 venenum

114 594 213 646 Rident
229 597 306 648 vicini
320 598 409 665 glebas
422 607 448 650 et
461 617 524 650 saxa
535 607 690 652 moventem.

114 663 179 715 Cum
191 667 270 717 servis
283 666 384 719 urbune
397 669 479 720 diurie
491 670 580 722 rodere
592 670 690 732 mevis;
870 674 905 723 40

114 733 217 785 Horum
232 747 260 786 tu
275 737 451 788 innumerum
466 746 525 790 voto
537 741 598 792 ruis.
637 739 742 792 lnvideb
753 755 832 792 usum

113 803 257 869 Lignorum
270 814 296 859 et
309 808 406 873 peeoris
420 807 467 858 eibi
481 808 536 859 celo
549 815 658 876 argutus
671 817 697 862 et
710 809 786 862 horti.

114 873 197 940 Optat
209 875 333 944 ephippia
347 877 397 938 bos,
411 878 485 943 piger
497 887 570 944 optat
583 897 656 930 arere
668 879 800 942 oebalius;

114 942 202 1003 Quam
216 945 394 1014 scienterque,
407 945 497 1012 libens,
511 948 626 1016 censebo,
638 958 758 1003 exerceat
770 953 863 1004 artem.

197 1103 373 1158 EPISTOLA
392 1107 525 1162 XV.-no
542 1125 696 1162 uuuouruu
708 1125 812 1163 vunnu.

114 1219 183 1284 Qun
197 1219 230 1270 sit
244 1219 326 1272 hiems
343 1220 430 1286 Veliae,
444 1219 513 1288 quod
527 1219 631 1284 eoelum,
645 1219 718 1285 Vale,
734 1218 843 1283 Salerni,

114 1291 234 1350 Quorum
244 1291 378 1342 hominum
388 1290 459 1357 regio
469 1301 496 1342 et
506 1289 592 1357 qualis
602 1290 657 1352 vie;
671 1289 745 1356 (nem
754 1289 820 1340 mihi
829 1288 907 1341 Baias

113 1356 193 1412 Musu
205 1376 378 1426 supervacuus
392 1361 527 1423 Antonius,
541 1373 567 1411 et
581 1369 668 1412 tumen
681 1361 734 1412 illis

113 1427 159 1480 Me
174 1429 236 1480 facit
250 1429 324 1480 inuis*r
336 1447 369 1490 m,
382 1429 470 1496 gelida
482 1448 561 1498 quum
576 1430 679 1497 perluor
692 1431 765 1484 unde

114 1497 165 1548 Per
177 1499 291 1549 medium
304 1499 395 1565 frigus.
431 1497 498 1550 Sene
512 1507 626 1566 myrteta
638 1500 752 1568 relinqui

112 1565 242 1636 Dictaque
255 1578 398 1620 cessantem
412 1568 496 1619 nervis
509 1567 604 1620 elidere
616 1569 736 1620 morbum

114 1635 220 1688 Snlfura
233 1637 362 1688 contemni
377 1637 449 1688 vicus
462 1638 551 1704 gemit,
564 1637 669 1688 invidus
681 1638 765 1704 aegris,

114 1705 167 1765 Qui
180 1717 260 1774 eaput
273 1715 299 1757 es
312 1706 472 1757 ssomoehum
486 1723 630 1774 supponere
643 1707 759 1759 fontibus
771 1705 870 1762 audens

114 1774 227 1827 Clusinis
240 1775 384 1843 Gabiosque
397 1782 492 1842 petunt
504 1784 531 1826 et
543 1775 639 1842 frigide
651 1793 720 1830 rura.

113 1843 259 1897 Mutandus
272 1844 343 1896 loeus
355 1851 402 1910 est,
415 1852 441 1896 eb
453 1843 597 1897 diversorio,
607 1851 672 1898 nota.
867 1850 901 1901 10
930 1855 934 1862 “

110 1913 327 1982 Praeieragendus
337 1930 434 1980 equus:
453 1915 467 1940 “
478 1913 536 1976 Quo
545 1913 631 1964 tendis
641 1914 648 1966 l
668 1913 726 1965 Non
734 1913 801 1966 mihi
809 1914 903 1968 (inmas

110 1983 158 2034 Est
168 1985 218 2034 iter
230 1993 277 2034 eui
291 1982 392 2050 Baias,''
405 1983 472 2034 leeve
485 1982 663 2035 stomachosus
673 1983 775 2050 habene

110 2051 187 2104 Dicet
200 2068 276 2118 eques
289 2071 295 2115 ;
314 2052 359 2104 sed
372 2053 433 2120 equi
446 2053 549 2104 frenato
562 2060 601 2104 esi
614 2053 685 2104 auris
698 2052 725 2103 in
738 2051 806 2120 ore3)

109 2119 195 2187 Major
208 2129 295 2171 utrum
310 2121 434 2188 populum
447 2123 575 2172 frumenti
587 2123 661 2188 eopiu
674 2129 770 2189 pascu-t,

110 2190 269 2243 Colleebosne
282 2188 373 2240 bibent
386 2189 480 2242 imbres
493 2199 617 2256 puteosne
630 2208 754 2258 perennes

110 2265 130 2317 J
133 2265 190 2330 ugis
203 2279 277 2328 aquae
290 2280 296 2322 ;
317 2261 392 2326 (num
407 2261 468 2311 vina
481 2260 549 2311 nihil
562 2277 647 2312 moror
660 2259 732 2310 illius
744 2273 804 2310 ores.

110 2327 180 2384 Rure
193 2345 249 2380 meo
263 2345 366 2396 possum
380 2328 484 2394 quidvis
498 2329 609 2396 perferre
623 2329 746 2394 patique;

108 2401 150 2454 Ad
164 2417 234 2452 mare
246 2415 327 2466 quum
342 2398 409 2463 reni,
422 2415 574 2465 generosum
587 2405 614 2449 eb
624 2399 682 2450 leue
694 2398 805 2466 requiro,

110 2471 183 2535 Quod
197 2487 271 2522 errres
284 2468 381 2536 abigei,
394 2467 461 2536 quod
475 2483 535 2519 cum
547 2485 592 2536 spe
605 2467 687 2520 divite
699 2476 789 2521 menei

110 2539 143 2592 ln
158 2557 235 2592 venes
247 2539 415 2606 animumque
428 2555 523 2604 meum,
536 2537 605 2606 quod
618 2536 696 2590 verbu
707 2538 849 2596 ministret.
860 2541 897 2592 20

110 2609 186 2678 Quod
196 2627 238 2665 me
250 2610 364 2664 Lucenae
375 2609 498 2674 juvenem
510 2607 674 2662 commendet
686 2607 775 2661 amice
