1990 2810
324 99 520 158 clitumnus
539 99 594 154 ΙΙΙ.
613 101 639 154 4.

86 219 94 232 ’
194 214 283 271 Finire
295 220 456 293 quaerentem
467 214 569 270 labores

229 286 315 341 Pierio
326 287 450 347 recreatis
462 293 546 343 antro.

158 355 211 410 Vos
223 355 282 410 lene
294 356 432 412 eonsilium
445 362 472 412 et
484 355 553 410 detis
566 359 593 410 et
605 355 668 412 dato
773 397 775 404 .

158 425 294 495 Gaudetis,
306 427 390 484 alma
426 424 535 494 Scimus,
548 431 580 480 ut
592 425 687 497 impios

193 496 301 550 Titanas
313 497 508 565 immanemque
520 501 637 552 turmam

227 565 350 620 Fulmine
362 566 499 622 sustulerit
512 565 620 634 caduco,

158 634 210 700 Qui
222 641 320 689 terram
332 637 451 703 inertem,
464 635 510 707 qui
522 653 595 692 meae
607 639 736 707 temperat

156 704 310 774 Ventosum,
322 712 350 759 et
362 705 437 759 nrbes
449 723 582 774 regnaque
594 705 681 760 tristia

190 774 324 844 Divosque
335 775 512 844 mortalesque
524 775 616 830 turbas

225 845 340 916 Imperio
352 846 421 914 regit
434 863 501 898 unus
514 862 595 914 aequo.

156 913 289 985 umam
302 915 349 968 ille
358 921 483 969 terrorem
496 914 623 968 intulerat
635 914 656 969 J
656 916 699 970 ovi

122 989 127 999 '
156 983 253 1039 Fidens
262 983 391 1056 jurentur
403 984 509 1038 horride
521 984 643 1054 brachiis,

189 1055 348 1129 Fratresque
359 1055 498 1114 tendentes
510 1071 591 1127 opaco

101 1193 104 1200 ,
225 1126 317 1179 Pelion
329 1125 482 1207 imposuisse
495 1125 614 1207 Olympo.
654 1168 660 1176 ,

154 1194 207 1250 Sed
219 1196 283 1265 quid
295 1195 434 1265 Typhoeus
446 1201 473 1250 et
485 1193 589 1252 validus
601 1193 697 1254 Mimas

154 1265 211 1318 Aut
223 1265 287 1334 quid
298 1267 396 1320 minaci
409 1265 573 1337 Porphyrion
584 1271 665 1334 statu,

190 1333 259 1400 Quid
273 1335 384 1388 Rhoetus
396 1335 544 1405 evulsisque
556 1335 657 1392 truncis
736 1347 738 1376 ³

223 1404 373 1458 Enceladus
381 1405 515 1477 Jaoulator
526 1405 615 1462 audax

154 1473 252 1528 Contra
263 1481 400 1528 sonantem
412 1475 529 1530 Palladis
541 1476 627 1544 aegida

155 1543 265 1598 Possent
276 1544 400 1598 ruentes?
437 1545 508 1600 Hinc
520 1545 613 1602 avidus
626 1543 702 1606 stetit
806 1545 807 1550 ’

121 1667 125 1674 ,
189 1613 332 1684 aneenuq
344 1615 408 1670 hine
419 1621 540 1674 matrona
552 1615 625 1672 June
637 1619 664 1672 et

223 1684 368 1754 Nunquam
379 1685 496 1741 humeris
508 1684 640 1756 positurus
652 1701 750 1754 areum,

153 1752 206 1820 Qui
217 1771 274 1808 rore
305 1771 351 1814 uro
364 1755 486 1812 casualis
498 1754 565 1811 lavit

153 1823 244 1879 (hines
256 1773 362 1893 solitos,
391 1825 421 1881 ui
433 1823 520 1894 Lyciae
532 1829 606 1882 tenet

188 1893 305 1948 Dumeta
316 1841 485 1963 natalemque
497 1895 599 1964 silvam,

221 1964 315 2019 Delius
327 1970 354 2018 et
366 1964 493 2022 Patareus
505 1965 608 2034 Apollo.

154 2033 202 2088 vis
214 2035 307 2089 consili
319 2051 412 2106 expers
423 2035 492 2090 mole
503 2035 558 2092 ruit
570 2053 632 2102 sua3

155 2103 217 2159 Vim
229 2111 403 2175 temperatam
413 2104 451 2160 Di
463 2122 566 2176 quoque
578 2103 726 2177 provehunt

188 2174 222 2230 In
233 2177 335 2245 mejus3
352 2175 423 2230 idem
435 2174 512 2230 odere
524 2175 592 2229 vires

223 2243 306 2299 Omne
317 2243 392 2298 nefas
404 2245 491 2300 animo
503 2251 644 2307 moventes,
750 2301 753 2310 ,

152 2313 238 2370 uotis
249 2331 368 2370 mearum
379 2315 544 2372 centimanus
557 2314 642 2386 (ἔγω

152 2384 357 2452 Sententiarum,
369 2391 449 2440 notus
461 2390 488 2439 et
500 2384 611 2454 integrae

104 2485 114 2501 r
186 2455 314 2510 Tentater
326 2454 405 2507 Orion
420 2453 522 2522 Dans,

221 2523 350 2593 Virginea
361 2522 477 2584 domtus
488 2520 596 2596 sagitta.

377 2671 475 2730 'Grau
501 2655 560 2730 sia-⁸¹
589 2669 594 2676 ’
