2014 2810
104 69 163 128 ιη
427 57 582 118 nonam

192 267 341 328 commu
359 267 505 328 xvi-ln
519 283 651 332 sosanna
664 279 814 326 tormer.

106 385 223 443 Atrans
230 386 289 456 jam
300 383 397 440 teritur
407 383 484 440 bellis
496 381 619 440 civilibus
633 387 705 453 atu,

143 455 203 511 Suis
215 462 243 511 et
254 456 313 526 ipss
325 456 409 510 Roma
420 455 520 508 viribus
531 455 595 522 ruit,

106 525 193 592 Quam
204 543 289 596 neque
301 525 409 578 finitimi
420 525 563 578 valuerunt
574 523 683 594 perdere
694 521 785 591 Marsi,

143 596 257 652 Minaois
267 603 317 650 aut
328 595 441 650 Etrusca
452 593 572 650 Porsena
583 611 686 663 manus,

106 665 216 721 AEmula
227 683 276 720 nso
288 665 373 719 virtus
386 666 422 718 Oa
441 681 483 720 urs
494 681 543 718 nse
555 665 698 734 Sparttous
709 677 770 724 retr

142 736 167 790 N
168 737 275 806 orisque
286 735 364 788 rebus
376 681 490 787 infidelis
503 734 636 803 Allobrox,

107 804 133 860 N
134 823 163 859 eo
174 805 231 859 fora
243 804 354 858 oaerulea
366 804 469 857 domuit
482 804 622 857 Germania
652 801 704 858 ube

143 875 353 944 Parentibusque
365 873 530 928 abominatus
543 873 587 926 Ha
626 873 633 888 ’

108 945 196 1069 Imssia
207 946 346 1014 perdemus
358 943 447 998 devoti
458 944 595 1026 sanguinis
607 949 678 1012 atu,

108 1013 771 1141 safflttffitttttllttlttnm
869 1013 903 1064 ¹⁰

143 1155 231 1224 Eques
243 1160 352 1207 sonante
364 1151 513 1207 verberabit
525 1154 633 1222 ungula,

109 1224 174 1291 Quae
192 1242 226 1278 ue
239 1230 330 1278 carent
341 1223 428 1278 ventis
440 1229 468 1276 at
479 1222 577 1276 solibus
589 1217 647 1278 desa
659 1220 771 1293 Quidni,

144 1243 225 1348 Niias
237 1293 341 1349 videre!
360 1291 499 1362 dissipabit
510 1290 631 1348 insolens.

109 1364 188 1420 Forte
200 1363 264 1434 quid
276 1363 400 1433 expediat
412 1361 588 1416 communiter
599 1368 647 1418 aut
658 1361 751 1420 melior
762 1377 824 1433 pars

144 1434 224 1488 Molis
236 1447 323 1486 carere
335 1431 454 1502 qnaeritis
466 1431 613 1488 laboribus:

109 1503 192 1559 Nulla
204 1504 239 1557 sit
249 1503 300 1556 bac
312 1503 399 1573 potior
410 1503 549 1570 sententia,
562 1503 733 1558 Phocaeorum

145 1574 227 1628 Velut
239 1571 357 1643 profugit
369 1577 504 1626 exsecrata
516 1572 610 1628 civitas
794 1637 799 1644 ἱ

110 1643 195 1713 Agros
207 1649 287 1712 atquo
299 1643 377 1696 lares
389 1641 488 1713 patrios
500 1641 698 1716 habitandaque
709 1643 773 1698 fana

146 1713 224 1784 Apris
236 1713 344 1782 reliquit
356 1718 383 1766 et
394 1712 533 1833 meatibus
544 1711 624 1783 lupis,
871 1715 907 1767 20

111 1782 154 1837 lrs
185 1783 245 1837 edes
257 1798 415 1854 quocunque
438 1787 519 1850 erent,
533 1797 690 1854 quocunque
701 1799 748 1854 per
759 1781 847 1838 undas

172 1859 231 1907 otus
243 1850 348 1906 vocabit
361 1857 409 1906 aut
420 1857 557 1922 protervus
569 1853 683 1908 Africus.

111 1921 155 1978 Sic
167 1921 271 1992 placet?
289 1939 324 1976 an
335 1921 430 1975 melius
461 1921 502 1974 uis
513 1919 594 1976 habet
606 1921 733 1978 suadere?
768 1921 891 1978 Soanda

147 1993 243 2046 Rotam
254 2006 382 2061 occuparo
395 1939 459 2061 quid
470 2007 604 2047 moramur
615 1991 697 2048 alitel

112 2061 163 2116 Sed
171 2064 292 2131 juremus
303 2063 333 2113 in
344 2061 415 2115 heeo:
434 2062 512 2115 simul
524 2062 584 2116 imis
597 2079 661 2118 saxa
671 2059 791 2118 renarint

148 2130 230 2186 Vadis
242 2129 337 2198 levata,
349 2147 383 2184 ne
394 2129 479 2184 redire
492 2131 526 2184 sit
538 2131 628 2198 nefas3

114 2201 173 2256 Neu
184 2218 308 2254 conversa
320 2202 428 2255 domum
438 2201 530 2284 pigeat
541 2201 604 2256 dare
615 2203 707 2274 lintea,
719 2200 826 2274 quando

148 2269 237 2324 Padus
248 2268 353 2324 Matina
365 2271 459 2325 lavent
471 2273 616 2341 eacumina,

113 2337 147 2393 ln
158 2355 232 2392 mare
244 2357 290 2393 seu
302 2339 386 2394 celsus
398 2341 556 2411 procurrerit
568 2342 733 2464 Agenninus,

148 2407 275 2477 Novoque
286 2417 403 2464 monstra
411 2410 533 2479 junxerit
544 2411 592 2464 libi
611 2413 655 2466 ine
874 2415 909 2468 30

114 2475 202 2532 Mirus
214 2493 293 2545 amor,
302 2481 380 2547 juvet
392 2487 424 2532 ut
435 2480 457 2532 ti
490 2497 516 2533 es
529 2481 661 2536 subsidere
673 2479 764 2554 servis,

148 2545 322 2600 Adulteratur
333 2552 360 2602 et
372 2547 458 2602 colum
477 2566 493 2603 a
504 2550 594 2621 miluo,

114 2615 228 2672 Credula
238 2631 287 2670 nea
297 2633 373 2672 raros
382 2619 495 2674 timeant
506 2625 627 2677 armenta
637 2620 734 2686 leones.
