2014 2810
108 73 144 130 ὅ)

420 67 574 124 HORAPII

213 173 281 232 eum
291 175 363 246 flore,
375 175 514 247 Maecenas,
526 193 652 252 rosarum,
666 181 695 236 et

248 247 341 301 Pressa
351 248 406 302 tuis
417 246 529 302 belenus
541 265 572 302 ce
590 248 644 302 illie

178 316 199 373 J
199 317 345 372 emdudum
356 336 372 371 e
391 318 428 371 ud
439 336 482 370 me
494 324 540 372 eet.
572 266 655 390 &ripe
667 322 695 372 te
706 335 802 386 morae3

177 387 219 442 Ne
231 405 333 458 semper
343 407 363 441 u
383 407 428 442 um
440 388 522 442 Tibur
534 392 561 442 et
572 387 671 442 AEeulae

213 457 321 512 Declire
333 458 516 532 contempleris
528 475 622 512 ervum
634 464 661 512 et

249 529 373 598 Telegoni
382 531 450 599 juge
461 528 606 602 perrieidae.

179 597 354 652 Fastidiosam
366 599 454 652 desere
467 599 570 668 copiam
581 603 609 651 et

178 668 277 722 Molem
289 668 464 739 propinquum
476 667 590 722 nubibus
601 667 705 738 arduie3

215 738 314 793 Omitte
325 738 416 793 mirari
427 739 512 792 beetae

249 809 363 862 Fumum
375 814 402 864 et
414 825 475 883 opes
488 807 679 880 strepitumque
691 807 788 870 Romae.

180 879 339 948 Plerumque
350 885 433 948 grntae
446 879 573 932 divitibus
585 880 655 939 vices

180 948 340 1018 Mundaeque
352 967 433 1019 perro
445 947 494 1001 sub
505 949 560 1002 lere
571 962 718 1020 pauperum

215 1018 300 1072 Goenee
313 1019 368 1072 eine
380 1018 471 1072 eulaeis
484 1024 511 1072 et
523 1026 592 1072 ostro

249 1087 395 1143 Sollicitam
406 1089 557 1158 explicuere
568 1089 690 1144 frontem

180 1158 201 1212 J
201 1176 244 1212 em
256 1158 342 1212 clerus
353 1159 486 1212 oecultum
497 1157 670 1214 Andromede
681 1163 758 1234 peter

182 1228 305 1283 Ostendit
316 1229 412 1298 ignem,
421 1231 479 1300 jam
491 1227 610 1300 Procyon
621 1228 689 1288 furit

215 1298 252 1352 Et
264 1298 340 1352 stelle
352 1301 443 1352 vesunt
454 1299 555 1368 Leonis,

250 1367 309 1421 Sole
321 1369 376 1422 dies
387 1369 517 1422 referente
528 1369 622 1428 eloneo:

180 1438 201 1492 J
201 1456 245 1492 em
256 1443 346 1508 pastor
357 1438 462 1492 umbrae
475 1454 536 1492 oum
547 1457 628 1514 grege
638 1437 766 1516 languldo

182 1509 331 1580 Rivumque
342 1507 425 1566 fessus
437 1509 532 1582 quaerit
545 1515 572 1564 et
583 1510 684 1567 horridi

215 1578 332 1634 Dometu
344 1578 460 1644 Silvani5
478 1585 601 1652 curetque

251 1648 320 1732 Ripe
332 1649 406 1721 regie
418 1648 553 1704 teoiturno
563 1650 672 1713 ventio„

180 1718 228 1784 ru,
242 1718 377 1773 eiutetem
389 1719 449 1790 quie
461 1719 553 1776 deceat
564 1725 658 1792 statue,

184 1790 277 1856 Cures,
289 1798 317 1844 et
330 1789 396 1842 Urbi
408 1789 535 1846 sollicitus
548 1789 633 1862 times,

216 1857 286 1922 Quid
298 1857 372 1912 Seres
385 1863 412 1910 et
423 1862 534 1925 regnate
547 1857 613 1928 Oyro

249 1926 346 1984 Baetre
357 1932 452 2000 perent
464 1925 609 2000 reumque
621 1928 725 1986 discere.
838 2006 843 2016 .

180 1995 300 2050 Prudens
312 1999 397 2050 futuri
409 1997 533 2070 temporie
545 1997 648 2054 exitum

181 2066 331 2148 caliginoso
341 2072 418 2122 noete
430 2067 526 2138 premit
538 2067 617 2140 Deus,

216 2136 355 2206 Pudetque,
367 2137 389 2189 si
401 2135 519 2189 mortalis
531 2137 603 2194 ultra

251 2205 303 2258 Fue
314 2206 437 2278 trepidet
474 2206 548 2270 Quod
559 2207 634 2264 adest
645 2211 777 2267 memento

184 2275 342 2344 componere
354 2292 458 2344 aequue:
476 2281 563 2330 oetere
574 2277 693 2332 fluminis

183 2343 249 2398 Ritu
261 2345 391 2413 feruntur,
402 2361 476 2398 nune
487 2347 573 2400 medio
585 2365 688 2416 eequore

218 2413 360 2482 Oumpeoe
372 2414 518 2470 delabentis
530 2415 673 2472 Etruscum
773 2435 776 2445 ·

254 2481 287 2534 In
298 2499 378 2551 mere,
390 2500 461 2540 nuno
473 2483 574 2556 lapidee
586 2487 676 2540 edeeoe

184 2548 335 2619 Stirpeeque
346 2557 437 2628 reptes
448 2558 476 2606 et
521 2569 567 2608 oue
579 2562 606 2616 et
618 2557 706 2612 domos

185 2618 322 2675 volventis
333 2634 394 2688 une,
405 2637 460 2676 non
471 2637 484 2678 e
513 2625 670 2682 ementium
