2006 2814
317 105 570 194 urreroneuuu
588 107 629 169 11.
646 111 672 170 r.
824 101 887 163 soto

99 214 240 274 Intervalla
250 215 323 269 vider
335 216 450 268 humano
462 201 602 268 commode.
609 211 650 256 '·-
661 207 761 266 Vtt'um
850 211 884 270 ⁷0

98 289 174 343 Purae
187 293 248 340 sunt
278 285 362 351 latam,
374 285 442 338 nihil
454 291 485 338 ut
496 283 685 338 meditantibus
697 283 790 338 obstet.
801 303 838 326 ···

99 357 216 412 Festinat
228 303 329 410 cnidus
340 355 418 408 mulis
431 355 579 424 gerulisque
591 353 745 422 redemptor,

98 427 209 496 Torquet
221 442 292 477 nunc
304 424 330 476 la
348 423 425 488 idem,
436 441 507 478 nunc
519 425 611 492 iugens
623 423 745 478 machina
754 420 867 494 tignum,

98 496 193 550 ilristia
205 495 316 548 robustis
328 441 464 548 iurcmntur
475 494 568 547 funera
599 493 712 562 laustris,

99 566 158 618 Hac
170 564 271 618 rabiosa
282 564 353 632 sugit
365 565 443 632 cuuis,
456 565 505 617 huc
517 564 559 616 lut
589 570 650 616 enta
661 565 717 616 ruit
728 571 785 618 sust

99 635 113 689 Ι
125 651 195 692 nuno
207 639 234 687 et
245 650 333 687 versus
345 639 433 686 tecum
444 633 570 686 meditare
582 647 695 686 canoros.

98 704 258 772 Scriptorum
270 701 363 756 chorus
375 703 458 756 ornnie
470 709 542 756 amat
554 719 646 756 nemus
658 709 685 756 et
696 702 768 772 fugit
780 699 878 772 urbem,

21 703 159 896 appe
171 773 251 839 iiiam
264 771 363 842 Rppqhi
373 789 462 825 somno
474 773 613 841 gaudentis
626 777 653 827 et
665 772 772 826 umbra:

56 839 70 867 '
120 859 138 895 u
149 859 191 896 me
202 841 272 894 iuter
284 842 408 910 strepitus
420 851 559 896 nocturnos
571 850 651 912 atque
663 843 770 896 diurnos

98 912 145 965 Vis
158 928 249 965 canere
261 917 288 963 et
300 918 434 976 contracte
446 913 519 980 sequi
532 913 642 981 vestigia
655 911 763 966 ratuml
780 901 793 966 i
851 910 885 964 80

99 981 246 1050 Ingenium,
259 979 307 1032 sibi
320 981 388 1050 quod
401 995 496 1034 vacuas
509 981 654 1051 desumpsit
666 981 791 1050 Athenae,

97 1051 133 1104 Et
147 1050 239 1104 studiis
251 1067 332 1104 anuos
344 1057 444 1119 septem
456 1047 529 1104 dedit
541 1051 708 1120 insenuitque

98 1119 183 1174 Libris
195 1126 223 1174 et
234 1121 310 1186 curis,
323 1126 412 1173 statua
424 1121 582 1174 taciturnius
595 1121 651 1174 exit

98 1189 256 1258 Plerumque
268 1195 295 1242 ct
307 1190 362 1242 risu
373 1190 500 1260 populum
513 1189 614 1258 quetit;
633 1190 675 1242 hic
688 1205 735 1259 ego
746 1200 833 1244 rerum
929 1241 933 1252 ,

98 1257 235 1313 Fluctibus
245 1259 275 1312 iu
286 1260 379 1312 mediis
391 1266 418 1313 et
430 1259 630 1330 tempestatibus
642 1260 713 1313 urbis

99 1327 185 1382 Verba
197 1329 260 1398 lyrae
273 1336 376 1382 motura
388 1346 479 1384 sonum
492 1336 644 1383 connectere
656 1327 766 1398 digneri

98 1397 190 1453 Frater
202 1406 258 1452 erat
271 1399 359 1452 Romae
372 1400 483 1454 consulti
495 1401 591 1467 rhetor,
605 1407 635 1453 ut
647 1399 714 1453 alter

98 1469 214 1522 Alterius
227 1485 343 1522 sermone
355 1485 437 1524 maros
450 1471 553 1526 audiret
565 1470 681 1535 honores,

99 1538 233 1593 Gracchus
245 1545 276 1590 ut
288 1539 331 1591 bic
343 1539 390 1605 illi,
402 1540 469 1592 foret
482 1540 543 1593 huic
556 1547 586 1592 ut
599 1539 703 1591 Mucius
715 1537 767 1592 ille.

98 1608 151 1674 Qui
163 1609 250 1660 minus
262 1616 367 1676 urgirtos
380 1615 459 1661 vexat
471 1608 544 1661 furor
554 1609 604 1660 iste
616 1607 723 1676 po'e'tasi
853 1603 886 1677 DQ

98 1677 221 1732 (termina
232 1693 364 1746 compono,
377 1678 420 1730 hic
433 1679 525 1746 elegos.
560 1675 704 1729 “Mirabile
716 1675 775 1730 vim

99 1747 278 1816 Oaelatumque
290 1762 383 1798 novem
397 1745 478 1799 Musis
491 1761 555 1816 opus
563 1745 587 1802 i''
606 1744 717 1814 Adspice
729 1746 851 1815 primum,

99 1817 205 1882 Quanto
217 1833 278 1868 cum
289 1817 369 1883 fastu,
381 1815 626 1898 quanto-molimine
638 1816 749 1868 circum·

85 1879 832 2032 ‚iuuesesuulautuiilis*serustt,w

22 2055 23 2058 =
99 2024 170 2090 Quid
182 2025 250 2077 ierat
262 2031 289 2077 et
301 2025 444 2092 quaresibi
456 2031 545 2078 uectat
557 2031 665 2094 uterque
678 2039 812 2079 coronam:

99 2093 232 2148 Oaedimur
244 2100 271 2146 et
283 2094 393 2146 totidem
405 2094 489 2163 plagis
502 2095 677 2148 consumimus
689 2092 791 2148 hostem

99 2163 184 2218 Irento
197 2163 326 2216 Samnites
339 2163 372 2217 sd
384 2165 486 2217 lumine
498 2165 583 2234 prima
595 2165 689 2218 duello.

99 2232 212 2290 Discedo
225 2233 327 2286 monus
340 2240 438 2302 puncto
450 2233 536 2298 illius;
555 2233 599 2286 ille
611 2249 668 2287 meo
681 2229 756 2302 quisi

100 2303 168 2368 Quis
179 2302 230 2356 nisi
243 2301 434 2357 Callimachusi
453 2303 481 2358 Si
493 2305 552 2373 plue
565 2301 794 2373 apponeremus,
839 2297 891 2364 lou

99 2373 147 2429 Fit
161 2375 341 2442 Mimnermus,
355 2381 383 2425 et
395 2373 484 2442 optivo
498 2374 652 2454 cognomipe
665 2375 766 2428 crescit.

99 2439 190 2496 Multa
202 2440 263 2505 fero,
276 2447 307 2493 ut
319 2439 419 2510 placem
432 2455 514 2510 genus
527 2438 654 2494 irritabile
666 2446 765 2507 ratum,

100 2512 191 2578 Quum
203 2509 285 2564 scribo
298 2515 324 2563 et
336 2511 447 2580 supplex
459 2510 550 2583 populi
562 2507 686 2579 suffragia
697 2516 782 2580 captu,

100 2579 185 2651 Idem,
198 2581 281 2634 finitis
292 2581 386 2634 studiis
398 2588 425 2634 et
437 2588 525 2636 mente
536 2585 648 2651 recepta,

101 2650 229 2708 Obturem
241 2651 346 2724 petulas
357 2651 465 2724 impune
477 2649 625 2723 legentibus
637 2663 719 2708 ames«
