2016 2814
342 37 557 100 SATIRARUM
576 35 617 89 ΙΙ.
636 37 660 87 3.
846 29 898 88 loe

114 147 194 200 Hunc
207 145 396 199 circumtonuit
408 145 525 212 gandens
538 143 646 196 Bellona
658 140 780 196 cruentis.

113 217 138 269 N
139 233 190 269 unc
202 232 251 283 age
262 215 397 268 luxuriam
409 225 436 267 et
448 215 645 268 Nomentanum
656 212 742 280 arripe
753 223 871 266 mecum:

115 286 210 338 Vincet
221 285 292 338 enim
305 285 399 338 stultos
412 285 479 336 ratio
491 284 606 335 insanire
618 289 733 350 nepotes.

115 354 141 406 H
145 356 169 406 ic
182 355 260 406 simul
273 355 375 423 accepit
387 351 530 422 patrimoni
544 351 617 404 mille
629 351 739 416 talenta,

113 423 209 489 Edicit,
223 424 337 492 piscator
350 424 396 489 uti,
409 424 549 492 pomarius,
562 437 665 490 auceps,

114 493 312 560 Unguentarius
324 511 355 548 ac
368 493 445 547 Tusci
458 491 536 546 turba
548 491 630 560 impia
643 489 701 557 vici,

114 562 180 615 (lum
194 563 288 615 scurris
300 562 390 630 tantm,
403 579 463 616 cum
476 561 589 616 Velabro
601 578 677 614 omne
689 557 838 623 macellum,
857 557 908 608 229

12 645 13 652 ¹
115 630 195 683 Mane
203 631 309 686 domum
317 633 432 686 veniam.
451 631 521 695 Quid
530 629 606 684 tumt
624 627 910 694 venerctneqmntor.

116 697 203 752 verba
213 699 280 754 iecit
290 697 361 754 leno:
382 701 537 768 “Quidquid
550 699 623 759 mihi,
637 696 768 766 quidquid
781 703 808 748 et
821 694 913 748 horum

116 767 216 834 Cuique
223 768 294 822 domi
302 775 349 837 est,
356 769 385 823 id
392 768 467 822 crede
474 773 552 821 tuum
559 770 586 820 et
593 766 635 820 vel
645 783 717 822 nrrnc
726 771 785 833 pete
793 764 835 815 rel
844 778 902 814 crus

118 835 220 894 Accipe.
233 839 297 903 qnid
310 849 401 892 contra
410 837 515 902 juvenis
526 836 690 898 responderit
703 849 806 898 mquus:

114 908 171 959 “ln
185 907 245 959 nivo
257 906 365 962 Lucana
377 905 474 960 dormis
486 909 613 968 emeatus,
625 908 657 956 nt
669 919 763 970 aprum

116 973 221 1028 Omnem
233 987 294 1040 ego:
313 977 343 1028 tu
356 973 440 1042 pisces
452 971 562 1025 hiberno
574 989 608 1024 ex
620 986 723 1039 aequore
735 963 831 1032 verriu

116 1041 209 1111 Segnis
221 1059 269 1109 ego
281 1042 408 1110 indignus
420 1041 466 1110 qui
478 1047 584 1094 tuntum
597 1040 755 1109 possideam:
774 1035 863 1092 aufer!

117 1111 196 1165 Sume
209 1111 259 1164 tibi
271 1111 364 1178 decim,
377 1111 426 1166 tibi
438 1111 611 1173 tantundem
629 1109 679 1163 tibi
692 1107 797 1177 triplex,

117 1181 195 1234 Unde
207 1197 275 1238 uxor
286 1181 374 1234 media
385 1180 468 1235 currit
481 1180 513 1232 ds
525 1185 602 1234 nocte
614 1178 731 1233 vocata”

118 1250 203 1304 Filius
215 1249 306 1319 AEsopi
319 1250 464 1306 detractam
477 1267 510 1304 ex
522 1266 585 1304 sure
599 1247 723 1315 Metelle,

119 1319 225 1373 Scilicet
236 1327 269 1376 ut
281 1320 366 1376 decies
379 1319 492 1376 solidum
504 1316 670 1384 obsorbsrot¹‚
682 1320 756 1372 aceto
861 1313 912 1368 240

111 1388 208 1448 ,Diluit
219 1390 350 1458 insignem
362 1389 482 1446 baccam:
500 1388 547 1458 qui
561 1388 654 1456 sanior,
666 1404 697 1442 ac
710 1385 732 1439 si

121 1457 195 1512 Illud
208 1459 277 1516 idem
289 1460 317 1514 in
329 1460 452 1528 rapidum
464 1459 562 1514 flumen
571 1461 703 1528 Jaceretvo
716 1452 849 1510 cloacam?

121 1529 215 1595 Quinti
228 1530 363 1598 progenies
375 1527 445 1596 Ant,
458 1547 506 1598 par
517 1529 605 1584 nobile
616 1529 738 1594 fratrum,

121 1599 249 1668 Nequitia
261 1606 288 1654 et
299 1598 385 1667 nugis,
397 1615 538 1668 pravorum
549 1606 576 1654 ct
589 1615 675 1652 amors
687 1593 838 1664 gemellum,

122 1667 258 1724 Ituscinias
271 1669 341 1722 soliti
353 1670 471 1738 impenso
501 1669 611 1722 rendere
623 1669 764 1734 cotmptm,

123 1738 253 1803 Quorsum
266 1738 378 1792 absenti
397 1738 480 1793 Sanin
501 1745 580 1803 crete,
592 1753 627 1792 an
639 1736 750 1791 carbone
762 1729 890 1790 notandi?

124 1807 263 1862 AEdificarc
276 1825 356 1870 casas,
369 1807 489 1876 plostello
502 1808 645 1876 adjungere
657 1823 753 1873 mures,

123 1875 226 1930 Ludere
238 1895 286 1947 par
297 1878 390 1946 imper,
438 1877 521 1930 nitere
533 1879 562 1930 in
574 1876 703 1930 arundine
715 1875 802 1943 longa,

125 1945 153 1999 si
166 1964 243 2015 quem
256 1947 370 2002 delectet
381 1945 429 1999 bar
448 1953 528 2013 atum,
541 1947 657 2000 amentia
669 1951 762 2000 verset

125 2015 154 2069 si
166 2016 292 2085 puerilius
304 2018 346 2070 his
358 2017 426 2070 ratio
439 2033 493 2070 esse
506 2017 609 2070 evincet
621 2031 716 2081 emere,
868 2012 919 2064 260

125 2085 182 2139 Nec
194 2087 338 2156 quidquam
350 2087 462 2152 differre,
477 2095 600 2140 utrumne
612 2085 641 2137 in
653 2085 769 2154 pulvere,
782 2081 877 2136 trimus

127 2156 211 2220 Quale
223 2157 302 2226 prius,
315 2157 391 2210 ludas
403 2174 476 2226 opus,
489 2173 524 2210 an
536 2155 680 2208 meretricis
692 2169 779 2208 amore

127 2225 260 2281 Sollicitus
273 2227 371 2294 plores:
389 2243 486 2296 quaro,
498 2227 622 2290 faciasne,
634 2224 704 2294 quod
717 2223 781 2278 olim

127 2295 250 2352 Mutatus
264 2295 406 2350 Polemoni
425 2313 507 2365 ponas
519 2295 634 2364 insignia
645 2291 737 2360 morbi,

129 2365 267 2433 Fasciolas,
280 2366 388 2431 cubitel,
400 2363 504 2429 focalia,
517 2374 595 2436 potus
608 2363 695 2418 utillo

129 2435 236 2490 Dicitur
247 2453 280 2489 ex
293 2435 359 2489 collo
371 2436 466 2490 furtim
478 2436 603 2504 carpsisse
615 2450 730 2500 coronas,

130 2505 273 2576 Postquam
286 2513 326 2560 cst
337 2505 466 2574 impransi
477 2511 611 2576 correptus
622 2519 686 2558 vocs
696 2499 836 2573 magistri?

206 2603 218 2640 ¹²
233 2603 275 2654 Qui
284 2618 350 2659 quum
360 2618 436 2648 venere
694 2609 700 2644 Ι
716 2611 833 2654 exsorbnrst
