2014 2810
118 11 169 69 loo
431 14 590 72 lIORATII
609 41 613 50 ·

114 110 191 166 Mille
203 113 284 176 cadis,
295 113 364 167 nihil
377 120 424 183 est,
436 123 585 172 tercentum
597 118 712 186 milibus,
725 137 785 174 ecre

116 181 194 236 Potet
206 190 325 248 acetum;
343 203 399 253 age,
413 186 434 238 si
447 196 474 240 et
486 189 638 240 stramentis
649 189 765 259 incubet,
778 189 862 246 unde·

115 253 250 320 octoginta
262 271 344 306 annos
356 263 442 322 natus,
453 257 496 308 cui
509 258 627 326 stragula
639 259 726 324 restis,

115 320 266 375 Blattamrm
278 341 309 376 ac
322 325 453 378 tinearum
466 328 558 396 epulae,
571 335 705 395 putrescat
717 330 746 382 in
758 347 833 386 mea:

116 389 248 444 Nimirum
260 393 369 447 insanus
381 396 472 464 paucis
485 396 613 465 videatur,
625 415 655 450 eo
668 400 738 466 quod
858 403 915 454 120

117 459 239 514 Maxima
249 481 310 532 pars
322 464 458 518 hominum
472 465 560 519 morbo
568 469 688 535 jactatur
700 469 798 524 eodem.

115 527 199 583 Filius
211 539 259 584 aut
271 534 351 586 etiam
363 535 420 587 haec
433 535 542 588 libertus
555 544 586 588 ut
598 537 686 590 ebibat
699 537 780 607 heres,

115 598 166 652 Dis
179 602 284 654 inimice
297 621 384 671 senex,
396 605 530 658 custodiet
548 605 589 658 Ne
601 607 650 659 tibi
663 607 749 661 desitl

116 669 281 733 Quantulum
293 674 364 724 enim
376 691 483 726 summes
496 675 611 728 curtabit
623 677 734 746 quisque
746 677 856 743 dierum,

116 737 220 808 Ungere
233 741 254 793 si
268 742 355 794 caules
367 743 422 794 oleo
434 743 541 798 meliore
553 762 621 814 capu
652 764 687 800 ue

116 808 229 878 Coeperis
241 811 348 879 impexa
358 811 458 864 foedum
471 814 620 882 porrigine?
662 834 733 884 uara,

116 877 144 930 si
156 879 261 946 quidvis
274 881 337 932 satis
349 887 395 945 est,
408 884 534 951 perjuras,
547 884 663 953 surripis,
676 888 764 939 aufers

116 946 258 1016 Undiquel
276 949 343 1001 Tun’
356 951 450 1004 sanuel
469 952 601 1022 Populum
614 954 635 1006 si
648 956 746 1009 caeders
758 955 828 1010 saxis

116 1015 232 1085 Incipias
244 1035 381 1088 servosque
392 1027 460 1088 tuos,
472 1039 536 1090 quos
549 1039 598 1074 aere
610 1025 717 1091 pararis,

116 1085 245 1138 Insanum
257 1095 284 1141 te
296 1106 385 1142 omnes
396 1091 471 1159 pueri
484 1092 649 1162 clamentque
661 1094 771 1163 puellae:
856 1099 911 1150 130

117 1154 205 1218 Quum
217 1156 310 1226 laqueo
322 1177 431 1212 uxorem
443 1161 572 1214 interimis
584 1169 747 1232 matremque
759 1180 866 1229 veneno,

116 1223 246 1278 Incolumi
262 1227 348 1295 capite
363 1228 407 1282 est
426 1229 496 1294 Quid
513 1231 600 1284 eniml
621 1233 713 1302 Neque
730 1239 760 1286 tu
775 1233 825 1287 hoc
841 1233 910 1287 facis

114 1291 171 1347 Nec
178 1295 247 1348 ferro
254 1305 286 1349 ut
294 1297 401 1350 demens
410 1300 564 1366 genitricem
574 1302 670 1356 occidis
681 1305 790 1357 Orestes.
803 1299 909 1372 [Argita

113 1369 156 1421 An
168 1371 200 1420 tu
211 1367 275 1420 reris
287 1383 347 1418 eum
359 1367 444 1420 occiso
456 1369 583 1421 insanisse
595 1373 710 1436 parents,

113 1436 152 1491 Ac
164 1454 217 1491 non
229 1441 291 1489 ante
302 1435 379 1488 malis
391 1436 539 1490 dementem
551 1445 640 1490 sctum
654 1437 747 1506 Furiis,
759 1455 839 1509 quam

114 1506 148 1561 In
159 1506 251 1560 matris
259 1505 356 1575 jugulo
367 1506 466 1559 ferrum
479 1508 601 1576 tepefecit
610 1514 719 1562 acutum
731 1508 741 1562 l

115 1577 193 1644 Quin,
206 1594 240 1630 ex
253 1593 305 1644 qno
317 1581 357 1629 est
369 1575 474 1630 habitus
486 1577 555 1630 male
567 1584 634 1632 tutes
646 1579 742 1632 mentis
755 1577 865 1646 Orestes,

114 1645 160 1700 Nil
173 1647 317 1712 sancierit,
330 1646 400 1715 quod
413 1652 444 1698 tu
455 1647 643 1717 reprehendere
655 1649 753 1717 possis:

115 1715 175 1770 Non
187 1716 305 1785 Pyladen
315 1717 383 1769 ferro
395 1716 492 1769 violare
504 1734 615 1770 aususve
627 1733 739 1770 sororem
751 1721 791 1770 est

114 1784 266 1849 Electram
284 1791 390 1838 tantum
401 1786 470 1839 male
482 1786 548 1839 dicit
560 1787 664 1856 utrique
677 1786 794 1840 vocando
853 1789 905 1840 140
996 1825 997 1834 η

115 1855 193 1908 Hanc
204 1850 226 1904 F
228 1855 321 1918 uriam,
334 1855 405 1909 hunc
417 1855 498 1918 aliud,
506 1857 588 1922 jussit
600 1856 670 1923 quod
687 1855 825 1924 splendida
836 1853 904 1908 bilis.

114 1923 219 1994 Pauper
232 1926 351 1995 Opimius
364 1925 467 1994 argenti
480 1924 558 1994 positi
569 1927 644 1979 intus
656 1930 683 1978 et
695 1925 761 1992 auri,

115 1996 167 2060 Qui
179 1995 355 2048 Veientanum
367 1997 441 2048 festis
452 2005 544 2065 potare
556 1995 647 2048 diebus

115 2065 248 2134 Campana
260 2065 351 2119 solitus
364 2065 444 2118 trullo
457 2081 621 2134 vappamque
632 2063 762 2133 profestis,

115 2135 254 2198 Quondam
265 2135 352 2188 lether
370 2153 384 2187 0
396 2134 491 2202 greum
503 2141 543 2186 est
555 2151 698 2202 oppressus,
710 2139 743 2185 ut
754 2131 829 2185 heres

116 2203 178 2256 Jsm
191 2205 289 2257 circum
302 2205 342 2256 loc
372 2222 400 2257 os
412 2210 439 2257 et
451 2203 536 2256 claves
548 2201 626 2256 latus
638 2219 770 2270 ovansque
822 2244 825 2248 .
912 2211 915 2215 ’

115 2269 242 2326 Curreret.
279 2273 358 2326 Hunc
370 2273 487 2326 medicus
498 2272 613 2326 multum
626 2267 785 2340 celeratque
797 2269 881 2322 fidelis

115 2341 224 2395 Excitat
236 2342 284 2395 hoc
297 2350 386 2411 pacto:
404 2359 522 2394 mensam
534 2343 596 2411 poni
604 2341 775 2411 juberetque

114 2408 224 2465 Effundi
236 2428 322 2465 saccos
334 2429 508 2479 nummorum,
520 2411 641 2464 accedere
654 2411 742 2479 plures
854 2412 902 2462 149

116 2477 375 2545 dinumerandum
393 2481 525 2534 hominem
537 2480 574 2533 sic
587 2480 677 2547 erigit;
695 2479 771 2533 addit
783 2483 810 2532 et
822 2478 901 2534 illud:
996 2527 997 2536 ,

118 2544 165 2601 “N
166 2544 178 2598 i
188 2551 237 2597 tua
248 2545 372 2614 custodis,
384 2545 479 2599 eridus
487 2547 546 2615 jam
556 2545 613 2599 hec
624 2545 727 2601 auferet
739 2544 838 2602 heres.”
