1980 2816
130 115 185 175 aie
371 113 373 118 ’
442 84 597 176 sonim

129 220 215 343 (legia,
228 235 280 274 neu
291 217 394 275 fluitem
406 218 493 275 dubiae
506 237 551 291 spe
562 219 694 290 pendulus
705 221 782 276 hora.
867 219 919 276 110

128 291 161 344 Se
191 289 254 344 satis
266 298 306 345 est
317 308 390 346 erare
402 289 422 346 J
423 309 497 345 ovem
509 307 569 361 quae
582 291 662 344 donat
674 294 702 344 et
714 290 817 343 aufert:

102 369 105 374 “
127 359 181 416 Det
192 361 283 432 vitum,
295 363 340 416 det
352 377 421 432 opes,
434 377 539 433 equum
550 360 589 415 mi
601 361 719 416 animum
730 362 786 433 ipse
798 359 906 433 parabo.
971 377 972 384 ³

249 526 423 588 natatem
440 528 588 587 xlx-un
601 541 789 584 messenum

128 638 231 698 Pn1eee
243 643 266 698 si
278 643 370 712 credis,
382 641 513 697 Macenas
526 640 610 711 docte,
622 640 736 711 Cratino,

127 709 210 768 Nulla
222 714 324 784 placere
336 712 383 767 diu
394 729 444 766 nec
455 713 543 767 vivere
555 712 673 766 carmina
684 715 801 782 possunt,

129 785 194 851 Qua
206 783 357 837 scribuntur
369 797 443 852 aquae
453 782 594 866 potoribus.
630 782 669 836 Ut
680 782 750 836 male
762 795 839 836 sanes

127 853 274 922 Adscripsit
286 851 364 906 Iiber
376 851 477 922 Satyris
490 852 640 923 Faunisque
652 853 752 922 pettam

129 923 199 978 Vina
210 924 264 976 fere
276 922 365 975 dulces
378 921 501 976 oluerunt
512 937 591 976 mane
604 922 730 976 Camenae.

127 992 261 1047 Laudibus
273 991 395 1061 arguitur
406 991 463 1045 vini
475 992 582 1046 vinosus
595 992 742 1057 Homerum

127 1061 230 1116 Ennius
242 1061 298 1131 ipse
309 1068 385 1132 pater
396 1079 535 1132 nunquam
545 1061 597 1116 nisi
641 1063 687 1116 'tue
699 1062 733 1116 ad
745 1077 819 1115 arma

128 1131 254 1185 Prosiluit
265 1131 383 1186 dicenda.
419 1131 516 1185 norum
529 1139 610 1202 putea
621 1149 672 1202 que
684 1131 791 1186 Libonis

127 1199 260 1255 Mandabe
272 1203 354 1270 siccis,
366 1201 482 1256 adimam
494 1206 601 1256 cantare
614 1203 724 1256 severis:

128 1270 187 1324 Hoc
199 1271 277 1324 simul
289 1271 367 1340 edixi,
380 1289 434 1325 non
447 1288 578 1326 cessavere
609 1273 677 1326 otta
885 1273 919 1324 10

126 1339 153 1394 N
154 1347 262 1394 octurno
275 1347 374 1395 certare
386 1357 463 1409 mmo,
476 1354 570 1411 putere
602 1342 685 1396 'uma

128 1410 205 1478 Quid,
218 1411 240 1463 si
253 1411 310 1480 quis
321 1410 399 1465 vultu
412 1416 486 1464 torvo
498 1413 569 1465 ferus
581 1418 609 1465 et
640 1412 688 1465 ede
699 1410 770 1466 nudo

127 1478 291 1551 Exiguaeque
303 1485 371 1550 togae
384 1479 491 1535 simulet
503 1488 606 1536 textore
619 1429 752 1549 betonem,

127 1549 295 1605 virtutemne
307 1557 477 1621 repraesentet
488 1568 625 1620 moresque
638 1549 762 1605 Catonis?

54 1631 56 1636 ’
128 1617 212 1690 Rupit
225 1621 353 1675 Iarbitam
365 1621 516 1692 Timagenis
529 1621 625 1676 aemula
637 1622 738 1690 lingua,

126 1689 198 1742 Dum
211 1691 427 1762 studeturbanus
440 1691 577 1761 tenditque
590 1691 704 1744 disertus
718 1688 816 1744 haberi.

126 1759 233 1829 Decipit
245 1761 380 1830 exemplar
392 1762 464 1815 vitiis
476 1760 622 1824 imitabile;
640 1760 710 1831 quod
723 1761 746 1814 si

127 1826 258 1882 Pallerem
270 1847 339 1898 casu,
352 1829 471 1884 biberent
485 1847 620 1900 exsangue
632 1831 776 1884 cuminum.

128 1897 150 1950 0
162 1898 314 1965 imitatores,
327 1916 431 1954 servum
443 1917 530 1969 pecus,
543 1908 574 1953 ut
586 1901 653 1954 mihi
665 1918 734 1970 saepe

127 1965 219 2036 Bilem‚
232 1987 299 2039 sape
309 1971 401 2038 jocum
412 1970 493 2024 vestri
505 1987 609 2023 movere
621 1971 768 2026 tumultus!
887 1971 922 2024 2⁰

127 2036 220 2092 Libera
232 2055 278 2108 per
290 2055 404 2092 vacuum
415 2040 491 2108 posui
503 2041 616 2108 vestigia
627 2041 760 2110 princeps,

126 2106 187 2160 Non
199 2108 285 2162 aliena
296 2125 354 2161 meo
366 2109 447 2178 pressi
460 2109 533 2178 pede.
569 2111 624 2172 Qui
637 2109 686 2162 sibi
699 2110 766 2178 fidit,

126 2175 190 2228 Dux
201 2178 271 2246 regit
283 2195 400 2231 examen.
436 2177 527 2231 Parios
539 2197 587 2248 ego
599 2179 701 2249 primus
713 2178 813 2232 iambos

127 2243 236 2297 Ostendi
249 2247 331 2313 Latio,
343 2263 465 2300 numeres
478 2248 631 2317 animosque
644 2255 771 2316 sequutus

23 2345 26 2350 -
126 2313 284 2378 Archilochi,
297 2331 350 2368 non
361 2331 402 2368 res
415 2322 442 2368 et
454 2318 562 2384 agentia
573 2317 653 2370 verba
665 2316 815 2386 Lycamben

126 2381 166 2431 Ac
178 2397 211 2431 ne
223 2397 265 2433 me
277 2381 347 2435 foliis
360 2383 418 2437 ideo
430 2384 595 2438 brevioribus
609 2403 691 2454 ornes,

128 2445 203 2509 Quod
216 2449 294 2501 timui
306 2459 409 2505 mutare
421 2455 512 2506 modos
524 2461 551 2508 et
563 2455 687 2508 carminis
700 2459 792 2518 artem,

127 2513 266 2582 Temperat
278 2519 430 2573 Archilochi
442 2521 548 2575 Musam
561 2523 627 2592 pede
639 2523 756 2578 mascula
768 2523 886 2598 Sappho,

126 2579 266 2653 Temperat
277 2585 389 2656 Alcaeus,
402 2587 447 2642 sed
458 2589 536 2646 rebus
548 2599 576 2648 et
588 2592 679 2648 ordine
691 2591 786 2666 dispar,
