2006 2814
393 115 462 170 ARS
479 115 638 172 Porrima
854 107 906 169 ts?

118 213 157 271 Ut
168 215 239 270 mela
251 233 330 287 quem
342 215 440 270 scabies
452 225 502 271 aut
512 217 618 272 morbus
628 215 718 287 regius
729 220 808 285 urget

117 286 175 340 Aut
187 288 319 340 fanaticus
332 305 401 340 error
413 295 440 340 et
453 288 579 341 iracunda
591 288 685 355 Diana,

117 354 252 410 vesanum
265 357 383 425 tetigisse
396 358 491 410 timent
504 358 664 426 fugiuntque
677 358 790 426 poetam,

117 425 171 489 Qui
183 427 305 494 sapiunt;
323 427 427 493 agitant
439 427 515 495 pueri
527 427 679 495 incautique
692 431 846 496 sequuntur.

117 493 179 562 Hie,
192 495 254 548 dum
268 495 387 548 sublimis
400 513 488 548 versus
500 503 620 550 ructatur
632 503 658 549 et
670 504 748 564 errat,

117 563 146 617 Si
160 563 242 617 veluti
255 564 361 616 merulis
375 564 492 618 intentus
504 565 603 618 decidit
614 582 709 632 auceps

114 633 150 686 ln
163 644 274 703 puteum
287 634 429 700 foveamve‚
444 633 514 698 lieet,
527 635 543 662 “
553 628 728 695 Succurrite‚''
741 627 851 697 longum

114 702 224 767 Clamet,
238 703 252 730 ·‘
265 702 295 756 lo
306 703 377 757 eires
388 702 412 757 !”
431 720 484 755 non
497 701 540 770 sit,
553 701 599 769 qui
612 701 703 754 tollere
716 705 798 754 curet.
862 697 916 751 460

113 768 144 822 Si
156 774 232 822 euret
244 785 302 837 quis
315 785 390 837 opem
402 769 470 822 ferre
482 776 509 822 et
521 769 659 823 demittere
671 769 769 838 funem,

115 836 168 901 Qui
181 838 238 904 seis,
250 854 285 890 an
298 837 413 906 prudens
426 837 478 891 hue
491 855 518 890 se
531 839 672 906 projecerit
683 848 764 910 atque

113 905 218 960 Servari
231 907 314 960 nolitl
348 900 451 968 Dicam,
464 906 598 977 Siculique
611 911 695 978 poetae

114 974 234 1029 Narrabo
246 976 392 1028 interitum.
428 976 499 1028 Deus
512 977 667 1031 immortalis
680 976 770 1032 haberi

112 1043 186 1097 Dum
198 1046 273 1115 eupit
286 1044 463 1114 Empedocles,
474 1045 610 1100 ardentem
623 1049 735 1118 frigidus
745 1049 859 1103 AEtnum

113 1113 229 1169 Insiluit
265 1115 306 1168 Sit
314 1117 358 1182 jus
371 1113 501 1182 liceatque
514 1116 597 1184 perire
610 1119 695 1186 politis
702 1137 710 1183 ;

113 1183 234 1239 Invitum
265 1185 292 1236 ui
305 1190 400 1248 servat,
414 1184 484 1237 idem
497 1185 563 1238 iacit
575 1187 711 1242 occidenti.

112 1253 139 1308 N
140 1271 169 1307 se
182 1202 262 1306 semel
273 1253 322 1306 hoe
335 1253 415 1317 feeit;
434 1270 490 1321 nee,
503 1253 524 1306 si
537 1263 666 1309 retractus
679 1257 736 1322 erit,
745 1258 804 1326 jem

112 1323 173 1377 Fiet
185 1325 262 1377 homo
275 1332 302 1376 et
313 1331 394 1392 ponet
408 1324 513 1376 femosae
526 1326 617 1379 mortis
630 1343 750 1380 amorem.

112 1392 169 1446 Nee
181 1394 244 1446 satis
257 1402 373 1462 apparet.
387 1409 433 1445 eur
446 1411 535 1446 versus
547 1395 659 1454 lectitet.
673 1403 763 1448 utrum
848 1397 904 1454 470

114 1461 245 1514 Polluerit
257 1472 356 1532 patrios
369 1463 476 1530 eineres,
488 1483 523 1517 an
535 1465 611 1517 triste
625 1464 743 1518 bidental

111 1528 227 1584 Moverit
240 1531 369 1582 incestus:
389 1541 459 1583 certe
471 1532 537 1583 furit
549 1550 580 1585 ao
594 1534 667 1586 velut
679 1552 756 1589 ursus

113 1598 235 1667 Objectos
248 1616 333 1652 osreae
347 1599 431 1651 valuit
444 1599 465 1652 si
478 1600 598 1670 frangere
611 1602 733 1668 elaturos,

112 1667 254 1722 Indoctum
267 1668 426 1735 doctumque
437 1669 515 1736 fuget
527 1671 650 1723 recitator
662 1672 786 1739 acerbus;

112 1737 197 1800 Quem
210 1755 271 1791 vero
283 1737 403 1805 arripuit,
416 1744 490 1790 tenet
502 1739 650 1809 occiditque
662 1740 781 1812 legendo,

111 1807 173 1860 Non
184 1808 297 1862 missura
308 1813 397 1859 eutem
409 1806 461 1859 nisi
473 1806 553 1876 plena
564 1810 663 1864 cruoris
675 1811 779 1868 hirudo.
