2014 2810
345 79 556 136 SATIRARUM
576 83 599 137 l.
617 85 642 148 9,
662 85 702 135 10.
861 87 913 146 158

123 189 289 272 Defendar
300 207 386 312 {roem
397 191 474 244 modo
485 191 596 244 rhetoris
608 195 691 260 atquo
703 192 795 262 potita,

124 261 157 314 In
171 278 199 313 er
218 278 263 314 um
277 278 309 313 ur
326 261 378 329 ani,
392 262 523 330 parcentis
535 261 635 314 viribus
648 269 727 332 atqua

124 328 360 386 Extenuantii'et's
372 332 499 385 consulto.
537 331 688 384 Ridiculum
701 330 756 385 acri

124 399 230 454 Fortius
243 409 270 453 et
281 401 374 454 melius
387 419 496 470 magnas
508 401 664 470 plerumque
677 407 748 454 secat
760 417 808 457 res.

20 498 22 500 ·
126 469 180 536 Illi,
193 471 290 538 scripta
302 471 398 540 quibus
411 472 539 524 comoedia
551 471 636 540 prisca
649 472 712 524 viris
725 477 772 538 eat,

126 539 185 591 Hoc
199 540 312 605 stabant,
326 541 374 593 hoc
386 547 450 594 sunt
462 541 600 603 imitandi3
619 559 682 610 quos
695 557 781 608 neque
793 539 903 610 pulcher

15 621 17 624 ·
125 607 306 676 Hermogenes
319 627 436 676 unquam
449 610 515 679 legit
526 627 613 678 neque
626 611 718 662 simius
730 610 787 676 iste,

124 677 171 730 Nil
184 686 279 746 prater
291 678 401 731 Calvum
414 685 441 732 et
453 679 546 732 doctus
559 671 820 733 concamaratum.

126 743 185 822 ““ll
197 761 324 832 magnum
335 745 407 804 fecit.
420 749 489 816 quod
502 749 587 803 verbis
600 747 691 802 (iraeca
702 747 805 802 latinia
883 749 900 799 ἢ

125 807 260 866 theonis)
297 812 318 866 0
332 814 382 866 seri
394 815 557 871 studiorum!
577 833 657 884 qurne
669 815 770 884 putetis

127 880 242 934 Difficile
255 887 281 933 et
292 883 398 948 mirum,
413 883 513 936 Rhodio
525 885 596 953 quod
610 883 771 937 Pitholeonti

127 950 264 1018 Contigit?
283 952 297 979 “
308 955 341 1004 At
353 969 436 1005 sermo
449 953 543 1021 lingua
554 956 697 1008 concinnus
710 960 822 1022 utraque

127 1019 245 1085 Suavior,
258 1027 289 1072 ut
301 1021 365 1074 Chlo
378 1029 441 1074 nota
453 1023 474 1073 si
487 1007 746 1077 commfflillerni
759 1021 821 1075 ost’'

126 1083 213 1148 Quum
225 1101 314 1138 versus
326 1085 415 1150 facias
428 1091 455 1138 te
466 1085 552 1153 ipsum
566 1095 709 1154 percontor,
722 1103 758 1138 an
769 1092 797 1138 ot
808 1101 892 1153 quum

124 1153 199 1208 Dura
211 1155 260 1206 tibi
274 1154 422 1224 peragenda
434 1155 472 1208 rei
484 1155 519 1207 sit
531 1146 720 1222 mamilli,

125 1223 231 1276 Scilicet
244 1224 341 1277 oblitus
355 1225 497 1294 patriaque
545 1225 651 1294 trisque,
664 1225 758 1277 Latino

126 1293 213 1357 Quum
227 1293 323 1348 Pedius
334 1312 426 1348 causas
439 1312 502 1348 exau
521 1304 548 1348 et
562 1294 695 1363 Poplicola
706 1301 787 1364 atqua

125 1362 259 1431 Corvinus,
272 1365 364 1433 patriis
377 1365 554 1418 intermiscere
566 1365 651 1434 petita

125 1431 212 1486 Verba
224 1435 287 1488 foris
298 1435 381 1502 malis,
395 1435 519 1490 Canusini
531 1451 603 1488 more
614 1433 758 1503 bilinguis?
883 1433 917 1489 30

125 1501 214 1572 Atque
226 1520 274 1572 ego
286 1521 368 1574 quum
382 1505 483 1558 aracos
494 1507 608 1560 facerem
620 1512 699 1559 natus
711 1521 783 1558 mare
795 1502 863 1557 citra

126 1570 282 1640 Versiculos,
294 1575 381 1628 vetuit
393 1576 495 1629 metali
507 1592 571 1628 voce
583 1575 716 1641 Quirinus,

125 1640 190 1696 Post
201 1643 314 1698 mediam
327 1651 431 1698 noctem
443 1645 522 1711 visua,
534 1661 615 1713 quum
628 1643 728 1696 somnia
740 1659 817 1696 vera:

125 1713 141 1742 ‘⁸
149 1711 183 1764 ln
195 1709 289 1764 silvam
300 1727 354 1764 non
365 1709 439 1778 ligna
452 1710 519 1763 feras
531 1708 659 1770 insanius,
671 1723 702 1762 ac
715 1708 737 1762 ai

125 1781 237 1848 Magnas
250 1781 397 1834 Graecorum
410 1780 487 1832 malis
499 1778 608 1846 implere
620 1775 763 1832 catamas,'’

128 1845 259 1914 lurgidus
271 1845 385 1916 Alpinus
392 1845 502 1915 jugulat
514 1845 579 1899 dum
591 1845 739 1910 Memnona,
752 1843 868 1912 dumque

128 1915 246 1996 De-fiugit
260 1915 344 1969 Rheni
357 1915 459 1970 luteum
472 1921 559 1984 caput,
572 1914 628 1968 haec
641 1932 688 1982 ego
700 1914 771 1980 ludo,

129 1985 193 2049 Qua
205 2003 290 2054 neque
302 1986 331 2038 in
344 1985 399 2040 aeclo
411 1992 504 2040 sonent
516 1985 646 2038 certantia
654 1984 745 2052 judica
758 1982 851 2051 Tarpa,

128 2054 183 2107 Nec
195 2055 304 2108 redeant
316 2056 412 2110 iterum
424 2062 503 2124 atque
515 2055 612 2108 iterum
624 2053 767 2124 spectanda
779 2051 897 2107 theatris.

128 2124 233 2246 Ἧι
244 2125 379 2180 meretrice
391 2133 464 2194 potes
477 2125 602 2194 Davoque
615 2125 753 2182 Chremeta
885 2124 920 2176 40

163 2212 180 2246 u
200 2201 260 2246 ente
273 2211 360 2248 senem
372 2196 453 2248 cornis
464 2196 563 2263 garrire
588 2195 594 2207 '
638 2194 677 2251 los

129 2265 204 2317 Unus
217 2263 342 2331 vivorum,
356 2253 493 2329 stilicon
534 2283 549 2318 o
582 2282 596 2316 o
608 2281 701 2332 regum

129 2333 212 2386 Facta
224 2334 296 2386 cauit
308 2333 373 2403 pede
387 2341 427 2388 ter
439 2351 573 2404 percusso;
591 2334 659 2386 forto
671 2350 732 2404 epos
743 2350 803 2388 acer

129 2403 167 2456 Ut
179 2421 255 2456 nemo
269 2404 364 2458 Varius
376 2405 464 2468 ducit;
482 2405 560 2458 mollo
572 2410 653 2472 atque
665 2404 781 2458 facetum

130 2471 241 2542 Virgilio
253 2482 405 2528 annuerunt
417 2474 562 2544 gaudentes
573 2491 633 2528 rure
646 2473 772 2530 Camena.

132 2543 188 2596 Hoc
201 2551 264 2612 erat,
277 2553 385 2615 experto
397 2545 495 2600 frustra
509 2545 625 2602 Varrone
637 2543 749 2600 Atacino

130 2611 220 2686 Atque
230 2615 386 2688 quibusdam
398 2613 464 2684 aliis.
476 2615 571 2685 molius
583 2616 654 2686 quod
666 2613 777 2672 scribare
788 2627 898 2684 ponam.
