2014 2810
102 103 155 159 114
413 72 568 132 Ilounon

171 195 289 265 Hietque
300 187 386 260 turpis
397 185 468 240 inter
480 177 567 235 arides
578 175 654 228 notos

206 265 297 320 Podex
308 261 383 314 velut
395 254 483 310 crude
494 247 575 302 bovis.
666 283 668 286 .

171 337 224 394 Sed
236 333 331 390 incisu
342 345 385 382 me
397 331 490 396 peetus
501 324 530 372 et
540 327 663 370 memmse
674 310 773 380 putres,

207 393 515 476 Equinoquelesubern,
888 384 890 388 ·

173 479 326 543 venterque
336 465 424 522 mollis
436 468 464 516 et
474 461 562 513 femur
573 447 739 508 tumentibus

128 541 131 545 ¹
210 545 288 600 Exile
301 539 368 595 suris
379 532 516 590 additum!
870 527 907 582 10

174 619 239 675 Esto
251 615 337 678 beate,
348 608 430 660 funus
442 607 522 668 etque
533 591 663 662 imagines

210 686 318 740 Ducunt
329 669 502 744 triumphales
514 672 599 729 tuum,

176 757 233 813 Neo
245 753 280 807 sit
290 748 395 812 merite,
407 757 465 812 quoe
476 726 672 792 rotundioribus

212 826 315 878 onusto
326 814 398 870 beois
410 805 537 862 ambulet.

180 895 257 962 Quin,
270 887 340 961 quod
351 882 436 939 libelli
447 877 529 934 Stoici
540 877 612 930 inter
624 870 718 926 sericos

214 963 234 1018 J
235 977 309 1016 eeere
321 953 444 1028 pulvillos
456 945 564 1004 ementi

181 1030 307 1092 Illiteruti
318 1042 383 1081 num
393 1023 483 1076 minue
494 1015 570 1071 nervi
580 1013 603 1068 ri
636 1007 685 1063 ntl

216 1103 339 1158 Minusve
350 1095 461 1162 unguet
472 1087 605 1141 fucinum
649 1121 652 1130 .

183 1172 263 1240 Quod
273 1175 306 1223 ut
318 1161 429 1236 superbo
441 1172 564 1235 provoces
575 1153 610 1206 nb
620 1147 738 1219 inguine,

218 1242 269 1299 ore
281 1221 603 1296 euobonudumeettibi.
872 1215 908 1268 20

270 1457 420 1520 GARMEN
437 1452 559 1511 IK-nn
571 1430 758 1503 unonrennsr.

188 1599 305 1668 Qussno
316 1593 452 1663 repostum
463 1579 605 1640 Goeoubum
615 1575 651 1630 nd
661 1573 742 1627 futes
754 1569 834 1638 depes

223 1667 329 1722 Victore
341 1663 419 1714 letus
430 1662 531 1711 tessare

189 1737 287 1794 'lecum
299 1733 348 1788 rub
359 1730 422 1797 olto„
434 1727 472 1780 sio
483 1720 547 1778 Jovi
558 1720 673 1789 gratum,
684 1712 768 1778 domo,

224 1807 306 1862 Beste
318 1801 457 1864 Moeoenes,
468 1793 565 1858 bibam,

190 1877 307 1934 &nante
317 1871 434 1926 mixtum
445 1863 518 1918 tibiis
529 1872 634 1914 eumen
645 1854 711 1924 lyra,

226 1945 286 2000 Heo
296 1941 415 2005 Dorium,
426 1935 479 1990 illis
490 1924 648 1986 berbnruml

192 2016 231 2071 Ut
242 2029 334 2083 nuper,
347 2014 423 2063 estus
435 2019 517 2074 quum
528 2000 596 2054 freto
608 1991 760 2064 Neptunius
781 2018 783 2022 ·

227 2081 319 2140 Duxi
354 2080 375 2132 't
387 2075 454 2130 ustis
465 2070 586 2136 novibus,

193 2155 314 2211 Minatus
351 2147 393 2201 rbi
404 2143 499 2207 vinclo,
511 2156 570 2210 quoe
582 2134 733 2190 detraxerat

229 2222 316 2278 Servis
328 2210 553 2284 emicueperfidis.
883 2194 918 2247 10

196 2294 338 2357 Romanus,
351 2287 426 2353 eheu,
457 2279 536 2336 osteri
547 2272 685 2346 negabitis,

231 2359 421 2428 Emancipstus
433 2302 538 2406 lbminoe

197 2433 261 2490 Fert
273 2428 374 2484 vellum
385 2431 414 2479 et
424 2439 498 2478 mone
508 2419 585 2474 miles
596 2419 625 2469 et
636 2407 794 2485 epodonibus

233 2498 335 2556 Servire
346 2494 446 2564 rugosis
458 2495 553 2562 potest,

200 2572 326 2638 Interque
338 2567 413 2634 signo
424 2570 503 2631 turpe
514 2553 641 2614 militaris

234 2638 280 2696 Sol
290 2635 404 2707 sdepioit
415 2631 564 2702 oonopium.
