2014 2810
32 105 35 112 »
105 73 155 136 let
422 67 580 128 HOBA¹lll

105 182 148 239 Ira
161 182 213 236 fuit
225 197 256 235 oa
274 180 353 247 italis,
364 181 397 232 ut
408 176 504 232 ultima
516 173 646 228 divideret
656 189 734 240 mors,

105 253 164 308 lion
177 253 283 312 aliumo
312 251 426 313 causum,
440 247 489 299 nisi
503 245 571 314 quod
586 245 670 298 virtus
682 245 710 297 in
723 245 835 312 utroque

107 323 214 377 Summe
227 321 295 382 ruit;
314 320 366 372 duo
379 318 400 370 si
413 316 542 370 discordia
556 323 634 366 vexet
646 315 750 378 inertes,

107 393 163 446 Aut
175 393 196 444 si
209 389 357 458 disparibus
369 387 468 438 bellum
481 385 588 446 ineidat,
603 391 632 436 ut
645 383 766 437 Diomedi

108 463 174 515 Cum
187 461 266 529 Lycio
280 459 386 523 Glauco,
398 455 515 508 disoedst
528 453 634 522 pigrior,
649 453 717 505 ultro

109 529 262 585 Muneribus
274 528 360 580 missis
372 555 414 591 ·-,
427 525 510 578 Bruto
523 530 632 590 prrstore
645 527 752 576 tenente
767 591 773 604 ι

108 600 197 654 Ditem
210 599 307 664 Asiam,
321 595 412 664 Rupili
425 601 452 648 et
465 594 538 646 Persi
552 609 599 660 psr
612 599 722 660 pugnat,
736 598 775 644 utr
787 608 840 644 non
928 651 929 654 Ἴ

109 669 286 740 Compositum
298 666 393 718 melius
405 681 465 718 cum
479 661 558 716 Bitho
571 661 707 715 Buechiue.
744 661 777 714 ln
787 663 831 729 jus
867 662 902 712 20

109 743 188 794 Acres
201 741 365 808 procurrunt,
377 749 504 800 magnum
518 729 697 800 spectaculum
709 739 828 799 uterque.

110 809 214 864 Persius
227 807 335 875 exponit
348 817 468 865 oausam
485 801 587 854 ridetur
600 799 633 854 sb
645 801 716 854 omni

111 879 262 940 Conventu;
280 874 372 928 laudat
384 873 498 926 Brutum
511 871 655 937 laudatque
667 870 807 935 cohortem,

111 948 196 1003 Solem
209 946 277 999 Asia
291 945 404 997 Brutum
416 941 539 1010 appellat,
553 939 694 1011 stellasque
706 939 822 1020 salubres

110 1016 236 1086 Appellat
248 1015 363 1078 comites,
375 1017 486 1079 excepto
499 1010 585 1076 Bege;
603 1025 695 1064 canem
707 1007 792 1078 illum,

112 1087 231 1140 Invisum
246 1083 365 1152 agricolis
378 1081 456 1146 sidus,
469 1080 576 1134 venisse.
613 1077 725 1145 Buebet,
746 1148 752 1160 ι

112 1156 223 1212 Flumen
237 1163 267 1206 ut
280 1153 426 1215 hibernum,
437 1151 523 1204 fertur
535 1167 586 1216 quo
598 1165 658 1202 rara
671 1163 774 1202 securis.

113 1226 181 1282 'lum
194 1224 369 1278 Prrenestiuus
382 1221 449 1274 salso
461 1219 544 1272 multo
563 1237 596 1272 ue
661 1219 702 1272 nti

113 1295 244 1364 Expressa
255 1292 360 1346 arbusto
372 1281 605 1414 seffliconrrcra,
636 1305 700 1340 urus

116 1349 420 1418 Vinoffiifflinrc
435 1377 473 1422 us,
486 1375 519 1411 eu
597 1357 710 1412 eviratos·
871 1358 907 1412 30

116 1419 754 1500 CesrdsBeTmagnacompellunsvoceeuoullnm.
805 1469 807 1472 .
933 1449 934 1454 ¹

83 1539 85 1546 ·
115 1504 153 1560 At
165 1505 276 1568 Graecus,
291 1511 428 1570 postquem
440 1504 480 1552 est
493 1497 561 1552 Italo
573 1489 790 1566 persumme,

119 1573 223 1627 Persius
235 1569 374 1633 exclamet,
387 1570 401 1596 ‘⁴
410 1567 461 1622 Per
473 1584 589 1635 magnos,
600 1572 691 1634 Brute,
703 1569 811 1624 Desste

120 1641 178 1708 Oro,
192 1642 237 1708 qui
250 1657 322 1708 reges
337 1637 468 1690 consueris
481 1637 577 1703 tollere,
591 1655 638 1690 eur
650 1654 703 1689 non

124 1710 205 1766 Hune
218 1711 314 1778 Regem
329 1706 457 1776 jugulusl
476 1706 591 1778 Operum
604 1707 662 1776 hoc,
672 1707 740 1760 mihi
753 1705 836 1774 crede,
853 1715 911 1760 tuo·

188 1797 248 1832 rum
260 1777 323 1832 est.’'

401 1921 531 1980 sertus
549 1925 627 1982 vm.

121 2036 195 2092 Onus
208 2041 316 2090 tremens
329 2053 399 2090 eram
412 2035 533 2105 ficulnus,
546 2037 641 2093 inutile
653 2038 765 2110 lignum,
997 1959 998 2044 i

121 2107 208 2171 Quum
221 2106 294 2159 faber
305 2107 421 2160 incertus
431 2100 569 2160 Ec'imnum
582 2111 713 2164 faceretne
727 2109 860 2193 Priapum,

120 2175 218 2229 Maluit
231 2191 285 2229 esse
297 2177 390 2232 Deum.
425 2168 570 2230 Deili'r'nde
583 2196 638 2248 ego,
651 2180 741 2232 furum
753 2197 895 2250 ariumque
997 2175 998 2220 l

121 2243 240 2297 Maxima
252 2245 376 2310 formid03
395 2263 456 2299 nam
468 2247 539 2300 fures
553 2247 647 2300 dextre
659 2251 763 2304 coercet

122 2313 298 2383 Obseoenoque
310 2314 389 2369 ruber
400 2327 535 2386 porrectus
547 2316 580 2370 ab
592 2317 701 2386 inguine
722 2319 789 2386 alus
796 2338 805 2386 ς

121 2381 171 2434 Ast
183 2383 346 2450 importunas
358 2385 475 2438 volueres
488 2387 515 2440 in
528 2387 626 2440 vertice
639 2337 740 2441 smnio
997 2405 998 2486 p

121 2450 211 2506 Terret
223 2449 276 2504 fixa
289 2461 412 2522 vetatque
425 2456 499 2508 novis
512 2457 644 2509 considere
656 2457 684 2510 in
697 2457 787 2514 hortis.

121 2509 183 2571 Huc
195 2519 267 2588 prius
279 2525 398 2602 angustis
411 2525 494 2592 ejecta
506 2526 634 2580 caderem
646 2525 719 2582 cellis

121 2585 465 2676 Oomwm'vilQu
476 2593 568 2650 locabo.
591 2595 622 2652 in
623 2611 701 2682 get.
