2014 2810
301 105 514 164 SATIRARUM
531 107 570 163 11.
589 109 613 176 4,
631 111 656 161 ὅ.
830 110 880 168 175

85 195 180 252 Nudus
192 199 320 270 inopsque
332 203 438 256 domum
450 206 561 273 redeam,
575 213 602 260 te
614 215 681 275 vate,
694 227 778 280 neque
791 212 846 268 illio

84 267 142 320 Aut
153 270 281 337 apotheca
293 274 376 340 procis
388 275 489 328 intacta
502 283 541 328 est
553 286 600 329 aut
612 295 704 345 pecus;
723 283 798 348 atqui

82 332 120 390 Et
131 355 214 405 genus
227 349 254 394 et
266 342 350 395 virtus
363 344 413 397 nisi
426 362 487 396 cum
499 363 527 398 re
540 346 615 398 vilior
627 347 687 416 alga
699 349 764 401 est.”

84 406 101 434 “
110 405 222 472 Quando
235 414 386 483 pauperiem
399 415 484 464 missis
497 415 650 481 ambagibus
666 418 751 466 horres

82 479 190 548 deripe,
202 496 255 546 qua
266 482 367 533 ratione
380 498 459 549 queas
471 481 604 533 ditescere.
640 480 743 533 'Pardus
844 486 876 533 10

82 547 146 602 Sive
158 549 231 600 aliud
244 551 347 618 privum
360 549 465 602 dabitur
477 551 534 616 tibi,
546 550 650 602 devolet
662 550 733 614 illuc,

83 617 136 670 Ros
149 618 194 669 ubi
208 635 304 686 magna
316 620 390 685 nitet,
404 620 508 671 domino
521 637 595 683 sene;
614 619 702 671 dulcia
714 637 792 686 poma

83 686 119 740 Et
132 704 299 756 quoscunque
311 689 377 742 feret
390 689 477 741 cultus
489 690 538 741 tibi
551 689 650 741 fundus
663 689 772 740 honores

83 756 155 809 Ante
168 757 248 808 larem
262 765 351 825 gustet
364 759 535 810 venerabilior
547 758 601 811 lare
615 758 702 820 dives;

84 825 137 890 Qui
150 826 269 893 quamvis
281 829 400 896 perjurus
412 828 469 894 erit,
482 828 538 880 sine
550 835 636 896 gente,
649 833 774 879 ementur

82 893 218 964 Sanguine
230 895 352 964 fraterno,
365 898 502 966 fugitivus,
515 914 549 950 ne
561 905 650 950 tamen
662 895 703 948 illi

85 968 125 1020 Tu
138 986 223 1021 comes
235 969 355 1034 exterior,
368 971 390 1022 si
403 970 525 1038 postulet,
538 970 576 1023 ire
588 967 714 1022 recuses.''

85 1038 100 1064 ‘¹
110 1037 180 1090 Utne
193 1045 279 1106 tegam
293 1056 386 1108 spurco
399 1039 489 1092 Damae
502 1038 591 1091 latusl
609 1037 680 1090 haud
693 1036 731 1088 ita
743 1035 827 1104 'l'rojae

84 1105 130 1158 Me
142 1108 209 1174 gessi
222 1117 324 1160 certans
337 1125 438 1176 semper
449 1107 626 1160 melioribus.”
662 1107 755 1173 “Ergo

84 1175 189 1244 Pauper
197 1176 270 1230 eris.''
287 1179 301 1204 “
308 1177 412 1230 Fortem
421 1179 469 1230 hoc
477 1179 594 1229 animum
604 1176 714 1228 tolerare
718 1172 817 1242 jubebo
826 1191 834 1240 ς
846 1174 881 1224 20

83 1244 122 1296 Et
136 1247 267 1312 quondam
279 1247 379 1314 majora
391 1247 449 1300 tuli.
486 1247 525 1300 Tu
538 1247 664 1316 protinus,
676 1243 748 1296 unde

82 1312 199 1367 Divitias
211 1316 322 1383 aerisque
334 1334 417 1383 ruam,
430 1318 473 1369 dic
486 1334 580 1384 augur,
593 1312 723 1368 acervos.’'

84 1383 99 1410 ‘⁴
107 1381 172 1434 Dixi
185 1385 306 1452 equidem
319 1393 345 1438 et
358 1386 432 1439 dieo:
451 1396 540 1453 captes
552 1392 657 1438 astutus
670 1381 768 1449 ubique

83 1448 252 1502 Testamenta
264 1467 362 1517 senum,
375 1467 435 1516 neu,
445 1453 466 1502 si
479 1450 552 1502 vafer
565 1467 632 1503 unus
645 1455 672 1502 et
683 1449 752 1503 alter

83 1517 267 1571 Insidiatorem
280 1535 390 1588 praeroso
402 1519 501 1586 fugerit
513 1519 598 1587 hamo,

82 1587 140 1642 Aut
153 1605 224 1655 spem
237 1588 351 1657 deponas
363 1595 410 1640 aut
422 1595 506 1640 artem
518 1588 611 1640 illusus
623 1586 736 1640 omittas.

84 1655 187 1725 Magna
198 1659 316 1710 minorve
327 1658 383 1709 foro
395 1657 417 1708 si
429 1675 470 1709 res
482 1656 625 1708 certabitur
637 1656 707 1720 olim,

84 1725 164 1778 Vivet
176 1736 235 1778 uter
248 1726 363 1795 locuples
375 1726 430 1778 sine
442 1725 538 1794 gnatis,
550 1724 690 1792 improbus,
702 1723 773 1778 ultro

84 1795 136 1860 Qui
148 1795 281 1848 meliorem
294 1795 382 1847 audax
395 1803 469 1847 vocet
481 1795 510 1846 in
518 1797 571 1862 jus,
584 1794 655 1846 illius
668 1800 723 1847 esto

82 1863 225 1927 Defensor3
242 1866 314 1917 fama
325 1863 410 1916 civem
422 1880 554 1930 causaque
566 1864 677 1932 priorem
840 1868 874 1920 30

82 1934 100 1989 S
121 1951 189 2000 erne,
202 1934 272 1986 domi
285 1934 307 1985 si
319 1942 417 2002 gnatus
429 1934 479 1986 erit
491 1933 637 1986 fecundave
650 1933 753 2001 conjux.

82 1951 288 2074 ‘guinta'puta
295 2001 612 2071 aut‘Publi,’-gaudent
620 2003 780 2072 praenomine
787 2001 878 2057 molles

82 2072 214 2128 Auriculae
226 2104 261 2113 -
273 2075 337 2127 ‘tibi
350 2091 392 2126 me
404 2072 488 2126 virtus
501 2081 549 2126 tua
561 2074 624 2126 fecit
636 2073 751 2125 amicum
761 2091 769 2136 3

79 2140 99 2192 J
101 2157 132 2191 us
145 2156 240 2206 anceps
253 2139 320 2205 novi,
334 2155 425 2190 causas
437 2139 577 2190 defendere
590 2155 711 2206 possum;

78 2207 182 2276 Eripiet
195 2208 280 2275 quivis
293 2207 380 2259 oculos
393 2207 471 2259 citius
484 2207 558 2272 mihi,
571 2225 650 2276 quam
664 2214 690 2260 te

79 2277 266 2344 Contemptum
278 2293 351 2328 cassa
363 2293 429 2328 nuce
442 2284 583 2346 pauperet;
601 2277 657 2329 haeo
669 2295 727 2330 mea
738 2295 802 2331 cura
813 2284 861 2347 est,

77 2345 119 2400 Ne
131 2347 196 2414 quid
210 2356 239 2399 tu
252 2346 351 2415 perdas,
364 2364 416 2398 neu
429 2344 565 2414 sisjocus'
603 2347 645 2400 Ire
657 2347 765 2400 domum
777 2353 857 2417 atque

79 2415 234 2469 Pelliculam
247 2433 338 2468 curare
347 2416 427 2484 jube3
445 2416 462 2467 fi
476 2417 594 2484 cognitor
606 2416 674 2484 ipse:

79 2484 170 2538 Persta
183 2497 262 2555 atque
275 2485 381 2551 obdura,
395 2503 439 2538 sou
452 2486 532 2538 rubra
545 2485 670 2538 Canicula
683 2485 765 2540 findet

79 2555 199 2608 Infantes
212 2565 319 2622 statuas,
333 2573 378 2608 seu
392 2555 485 2624 pingui
499 2563 587 2608 tentus
599 2572 686 2608 omaso
835 2557 868 2606 40

79 2623 175 2678 Furius
187 2627 309 2682 hibernas
321 2643 387 2680 cana
399 2627 460 2679 nive
472 2638 598 2696 conspuet
610 2625 698 2696 Alpes.
