1990 2810
107 99 155 158 :a
431 81 588 150 uousnn

219 198 257 252 'l'e
268 215 358 251 rursus
369 197 399 250 in
410 197 509 250 bellum
521 199 657 250 resorbens

252 267 334 322 Unda
344 267 419 321 fretis
431 267 496 319 tulit
508 266 635 319 aestuosis.

184 337 254 407 Ergo
265 337 410 407 obligatam
421 336 501 389 redde
513 335 533 389 J
534 335 577 388 ovi
590 334 686 404 dapem

183 409 326 477 Longaque
337 407 436 460 fessum
447 405 546 458 militis
557 404 629 458 latus

218 477 259 531 De
293 494 326 530 ne
339 476 388 530 sub
399 476 477 529 lnuru
489 492 548 528 mea
560 490 609 526 nec

64 584 67 592 ι
277 564 337 600 arce
349 546 421 599 cadis
432 545 483 598 sibi
495 543 643 598 desinatis.
873 537 910 595 20

52 608 77 658 ·‘''
87 627 97 650 '¹
116 616 125 660 '·
184 615 318 672 Oblivioso
329 616 400 670 levia
411 615 524 668 Massico
574 643 581 656 ·
788 668 792 681 1

184 686 288 743 (liboris
299 686 385 756 exple,
397 685 480 737 funde
492 680 632 754 capacibus
654 669 696 726 iss
702 690 708 718 ‘¹
716 663 743 743 „²”
814 687 839 701 ‘

219 756 363 826 Unguento
375 755 408 808 de
420 753 533 808 conchis.
570 753 635 818 Quis
646 751 700 807 ndo

255 824 435 896 Deproperare
447 824 508 894 opio
520 839 627 877 corones
649 867 650 872 ,
816 827 819 836 ’

184 896 299 951 Guratve
310 895 414 965 myrtei
432 911 510 964 quem
523 892 613 947 Venus
625 892 757 948 arbitnnn

184 965 263 1021 Dicet
274 964 399 1019 bibendil
417 965 478 1018 Non
490 980 538 1032 ego
550 964 640 1017 sanius
692 972 694 976 ’

220 1035 372 1091 Bacchabor
384 1035 497 1100 Edonis:
515 1037 620 1103 re'cepto

256 1105 341 1160 Dulce
351 1105 419 1158 mihi
430 1105 519 1158 furere
530 1109 571 1170 est
583 1103 675 1158 amico.
796 1091 832 1198 '‘l'r
842 1110 891 1150 is

280 1332 431 1389 csuMuu
449 1331 601 1388 vill-sn
614 1345 749 1387 nsum.

184 1463 264 1520 Unus
275 1462 299 1517 si
306 1461 374 1533 juris
387 1461 438 1516 tibi
449 1461 562 1532 pejerati

184 1531 275 1602 Peene,
286 1533 391 1601 Barine,
403 1533 535 1585 nocuisset
546 1547 673 1602 unquam,

184 1604 272 1660 Dente
284 1603 306 1656 si
318 1603 394 1672 nigro
406 1602 481 1655 fieres
492 1601 536 1654 vel
548 1618 602 1655 uno

256 1673 368 1743 'l'urpior
379 1671 472 1741 ungri,

188 1743 333 1799 crederem
368 1741 421 1796 Sed
433 1749 472 1810 tu,
485 1739 564 1795 simul
576 1739 701 1810 obligasti

185 1813 320 1868 Perfidum
330 1813 399 1866 votis
411 1817 499 1880 caput,
512 1811 635 1865 enitescis

185 1883 323 1938 Pulchrior
334 1881 418 1936 multo
426 1883 609 1951 juvenumque
620 1877 710 1950 prodis

257 1951 369 2006 Publica
380 1968 451 2005 cura

185 2023 227 2076 Ex
281 2022 302 2075 't
313 2020 406 2075 metris
418 2020 633 2092 cineresopertoa

184 2093 206 2147 ll
244 2109 288 2146 ere
299 2097 327 2146 et
338 2097 395 2144 toto
407 2091 541 2144 taciturna
552 2091 639 2144 noctis

184 2163 267 2232 Signa
279 2179 340 2214 cum
350 2160 415 2214 coelo
427 2160 566 2231 gelidaque
578 2160 660 2215 Divos

255 2231 341 2284 Morte
353 2238 478 2298 carentes.

186 2298 266 2352 Ridet
278 2298 334 2368 hoc,
347 2301 463 2367 inquam,
476 2298 566 2353 Venus
578 2299 643 2368 ipsa,
655 2298 745 2352 rident

184 2367 321 2436 Simplices
333 2368 473 2436 Nymphoe‚
485 2369 557 2420 ferus
569 2374 597 2421 et
609 2368 711 2437 Cupido

184 2436 292 2505 Semper
303 2437 425 2490 ardentes
437 2454 533 2490 acuens
545 2437 656 2506 sagittas

256 2505 319 2558 (lete
331 2512 447 2559 cruenta

185 2571 272 2638 Adde,
284 2574 354 2642 quod
366 2573 447 2641 pubes
459 2572 510 2626 tibi
521 2575 614 2628 crescit
625 2572 717 2641 omnis,

185 2640 305 2697 Servitus
317 2641 410 2696 cresce
421 2657 506 2706 nova3
523 2659 572 2694 nec
583 2644 682 2711 priores
