2006 2814
389 97 636 158 sssronucs
860 83 911 143 2³⁵

121 199 244 272 Denique
255 201 290 254 sit
301 199 404 269 quidvis
416 199 528 270 simplex
540 199 681 252 dumtaxat
692 199 719 250 et
730 213 822 251 unum.

121 271 243 326 Maxima
255 287 315 340 pers
327 275 427 336 ratum,
438 276 514 351 poter
525 275 553 320 et
561 270 672 336 juvenes
683 272 759 336 patre
771 265 853 336 digni,

121 341 276 411 Decipimur
287 339 372 409 specie
383 346 462 392 recti:
480 338 566 390 brevis
578 353 632 389 esse
643 335 739 404 laboro,

122 409 255 463 Obscurus
266 409 315 472 fio;
334 414 477 461 sectantem
489 406 558 460 levis
569 406 644 458 nervi

121 479 258 534 Deficiunt
270 477 418 545 animique;
436 477 565 546 professus
624 474 804 544 ndisturget3

122 547 211 617 Serpit
223 547 298 600 humi
311 554 385 600 tutus
396 547 509 598 nimium
520 545 578 597 timi
598 561 680 612 usque
692 545 826 612 procelloe3

123 617 175 682 Qui
188 617 289 670 rariore
301 616 375 685 cupit
386 631 441 668 rem
453 613 633 683 prodigialiter
645 629 734 682 unam,

121 684 287 754 Delphinum
298 685 371 738 silvis
383 702 399 737 a
417 684 512 754 pingit,
524 683 648 736 fluetibus
659 699 761 751 aprum.
872 685 907 736 30

123 754 156 808 In
170 755 266 807 vitium
277 755 378 807 ducite
408 771 448 822 pse
460 753 532 821 iuga,
545 752 567 804 si
579 758 650 805 caret
662 759 726 806 arte.

121 823 262 878 AEmilium
274 824 344 877 circa
355 823 448 875 ludum
459 823 533 875 faber
544 839 613 874 unus
625 829 653 876 et
664 839 701 874 un
740 837 767 876 es

124 892 264 962 Exprimet
275 901 302 946 et
313 891 404 945 molles
415 891 565 944 imitabitur
575 909 626 944 aere
638 891 706 960 capil
718 908 760 956 os;

124 962 224 1016 Infelix
236 962 321 1032 operis
333 978 442 1028 sumnia,
455 961 518 1029 quia
529 977 624 1029 ponere
636 967 723 1013 totum

121 1031 236 1086 Nesciet
272 1032 352 1084 Hunc
364 1049 379 1082 e
397 1047 473 1097 ome,
486 1030 508 1082 si
521 1029 584 1098 quid
596 1046 749 1098 componere
760 1046 856 1099 curem,

121 1101 149 1155 N
149 1120 182 1154 on
194 1101 278 1170 magis
290 1117 345 1154 esse
356 1117 389 1154 ve
401 1101 407 1113 ‘
448 1117 527 1168 quam
539 1116 602 1152 naso
614 1100 701 1152 visere
713 1116 802 1168 pravo,

122 1170 302 1240 Spectandum
315 1170 397 1238 nigris
409 1169 490 1222 oculis
502 1169 628 1236 nigroque
641 1168 742 1238 capillo.

123 1239 226 1294 Sumite
238 1240 375 1294 materiam
387 1239 487 1306 vestris,
500 1239 545 1306 qui
557 1237 676 1303 scribitis,
689 1254 792 1306 aequam

123 1307 231 1362 Viribus
243 1317 271 1363 et
283 1315 383 1362 versute
395 1310 450 1377 diu,
462 1308 527 1376 quid
538 1309 606 1360 ferre
618 1314 746 1374 recusent,

124 1379 194 1443 Quid
206 1379 312 1432 vsleant
324 1378 434 1432 humeri.
470 1378 519 1432 Oui
531 1376 600 1430 lecta
611 1383 732 1446 potenter
744 1376 794 1430 crit
806 1393 854 1445 res,
872 1379 905 1430 40

122 1448 178 1502 Nec
190 1449 315 1502 facundis
327 1449 427 1502 deseret
439 1448 510 1501 hunc
522 1464 570 1500 nec
582 1445 686 1498 lucidus
698 1446 767 1498 ordo.

124 1518 230 1572 Ordinis
242 1518 297 1571 haec
310 1518 395 1570 virtus
406 1519 456 1570 erit
468 1524 496 1569 et
508 1517 604 1580 Venus,
617 1523 664 1568 aut
676 1532 723 1582 ego
735 1514 818 1582 fallor,

123 1587 161 1641 Ut
169 1590 226 1656 jem
238 1605 309 1640 nunc
322 1587 393 1640 dicat
401 1589 458 1655 jam
470 1603 540 1638 nunc
552 1583 674 1637 debentia
685 1583 745 1648 dici,

123 1655 251 1726 Pleraque
263 1656 368 1709 differat
379 1664 406 1709 et
418 1672 529 1723 praesens
541 1655 568 1705 in
582 1658 685 1720 tempus
697 1653 818 1718 omittat;

123 1725 182 1780 Hoc
194 1733 272 1792 emet,
285 1726 333 1778 hoc
346 1732 451 1793 sperust
463 1723 581 1793 promissi
594 1722 714 1774 carminis
727 1730 825 1777 auctor.

123 1795 157 1849 In
169 1795 254 1848 verbis
266 1794 347 1848 etiam
359 1794 446 1846 tenuis
459 1800 604 1860 cautusque
617 1790 738 1859 serendis,

122 1864 228 1918 Dixeris
240 1864 350 1932 egregie,
362 1870 455 1916 notum
467 1862 489 1914 si
501 1861 596 1914 callida
608 1860 717 1913 verbum

123 1932 277 1987 Reddiderit
285 1935 413 2000 junctura
424 1949 528 1984 novum.
563 1930 591 1983 si
605 1931 672 1982 forte
683 1947 786 1984 necesse
797 1934 837 1985 est

123 2001 233 2055 Iudiciis
244 2009 388 2054 monstrare
399 2001 547 2054 recentibus
559 2001 649 2053 abdita
660 2017 755 2070 rerum,

123 2071 235 2139 Fingere
247 2071 371 2124 cinctutis
383 2087 436 2123 non
448 2070 573 2124 exaudita
585 2069 706 2136 Cethegis
870 2072 905 2124 50

124 2141 271 2209 Continget,
284 2140 441 2209 dabiturque
453 2140 560 2192 licentia
572 2146 678 2207 sumpte
690 2138 826 2208 pudenter.

122 2208 159 2263 Et
170 2227 238 2263 nors
250 2210 362 2278 ficteque
375 2227 458 2279 nuper
469 2208 604 2263 habebunt
616 2207 694 2262 verbs
707 2208 793 2275 iidem,
805 2209 827 2262 si

124 2279 212 2332 Groeco
224 2279 296 2332 fonte
308 2279 410 2342 cadent,
424 2296 500 2348 parce
512 2279 621 2332 detorto.
658 2277 726 2342 Quid
739 2286 830 2332 autem

123 2348 226 2401 (loecilio
236 2348 381 2418 Plautoque
393 2349 467 2402 debit
480 2349 612 2402 Romanus
625 2347 778 2416 ademptum

123 2415 234 2487 Virgilio
247 2418 394 2488 Varioquol
429 2418 486 2487 Ego
497 2435 551 2485 cur,
563 2417 696 2486 acquirere
708 2433 793 2484 pauca

122 2487 151 2542 si
162 2505 273 2558 possum,
286 2487 369 2540 invide
377 2505 411 2555 or,
424 2505 506 2556 quum
517 2487 610 2554 lingua
622 2485 727 2540 Catonis
739 2492 766 2538 et
778 2483 851 2539 Enni

122 2556 270 2610 Sermonem
282 2559 399 2627 patrium
411 2557 535 2611 ditaverit
547 2565 574 2610 et
586 2573 653 2609 nova
664 2571 751 2608 rerum

122 2626 235 2682 Nomina
246 2627 402 2698 protuleriti
437 2626 527 2682 Licuit
538 2641 692 2698 semperque
701 2623 791 2680 licebit
