2006 2814
331 67 586 126 EPIS'lOerRUM
605 69 626 124 l.
645 73 668 136 2,
687 73 711 123 3.
865 77 916 134 193

129 173 265 230 Sincerum
278 179 317 230 est
329 175 380 228 nisi
392 191 446 241 ras,
458 175 631 244 quodeunque
644 173 769 240 infundis,
781 172 884 228 acescit

130 245 228 313 Sperne
242 245 403 314 voluptatee;
421 253 496 300 uocet
509 255 597 314 empta
610 243 696 298 dolore
709 244 837 314 voluptas

129 315 237 384 Semper
248 333 342 370 avarus
354 325 429 382 eget3
447 324 547 370 certum
561 327 620 370 voto
633 325 692 384 pete
705 313 790 370 finem.

128 384 239 437 Invidus
251 385 359 438 alterius
372 386 508 438 macrescit
519 385 597 440 rebus
608 385 702 454 opimis
713 405 722 452 3

128 455 234 507 Invidia
247 454 327 508 Siculi
341 472 393 508 non
406 455 528 510 invenere
541 453 647 522 tyranni

126 523 216 591 Majus
229 533 397 580 tormentum
433 524 486 590 Qui
497 541 549 578 non
562 523 740 579 moderabitur
752 522 805 590 ire,

127 593 260 648 infectum
274 594 343 648 volet
355 612 417 660 esee,
430 594 502 648 dolor
514 593 583 662 quod
595 593 706 648 suaserit
718 600 745 649 ot
757 609 839 662 mens,
884 596 919 650 60

126 661 197 716 Dum
210 680 300 732 poenas
312 665 371 718 odio
383 681 429 734 per
442 665 495 718 vim
508 664 616 718 festinat
629 663 721 718 inulto.

126 730 172 785 Ira
184 733 256 786 furor
268 733 352 788 brevis
365 745 417 788 est:
436 734 555 788 animum
567 751 635 802 rege,
645 733 691 802 qui
704 731 755 787 nisi
768 737 851 804 paret,

127 800 244 871 Imperat
251 821 258 867 ;
277 803 348 858 hunc
361 802 449 870 frenis,
462 803 533 856 hune
546 810 576 856 tu
589 821 721 873 compesce
734 812 835 860 camna

126 871 219 940 Fingit
231 889 327 941 equum
341 883 431 928 tenera
443 873 554 926 docilem
566 875 665 930 cervice
677 875 802 942 magister

126 939 169 994 Ire
182 942 260 1009 viem,
272 961 324 1011 qua
336 950 464 998 monstret
476 959 568 1010 eques;
586 943 720 1000 venaticus
732 961 766 999 ex
778 959 830 1014 quo

125 1011 252 1082 Tempore
265 1013 397 1066 cervinam
410 1012 505 1081 pellem
517 1012 626 1066 latravit
640 1016 668 1068 in
680 1015 749 1081 aula,

124 1079 228 1136 Militat
240 1085 268 1136 in
281 1083 353 1138 silvis
365 1081 477 1136 catulus.
513 1081 538 1136 N
540 1099 592 1136 nnc
605 1082 699 1138 adbibe
711 1100 777 1152 puro

124 1149 235 1204 Pectore
248 1152 333 1219 verba,
346 1169 419 1222 puer,
432 1169 503 1204 nunc
516 1159 542 1205 te
554 1151 703 1206 melioribus
716 1153 785 1210 offer.

126 1220 183 1286 Quo
196 1222 275 1275 semel
288 1231 327 1276 est
340 1222 442 1276 imbuta
454 1239 544 1277 recens
557 1221 670 1277 servabit
682 1221 787 1278 odorem

124 1289 204 1344 Testa
215 1291 270 1347 diu.
307 1292 381 1359 Quod
394 1293 415 1346 ci
429 1309 512 1346 cessas
524 1299 572 1346 eut
584 1300 706 1348 strenuus
717 1293 810 1362 oeteis,
881 1295 915 1354 70

124 1359 151 1416 N
152 1377 181 1417 ec
193 1362 298 1418 tardum
311 1361 430 1436 opperior
442 1379 491 1420 uec
503 1359 711 1432 precedentibus
722 1363 799 1420 insto.

227 1528 403 1584 EPISTOLA
422 1527 550 1581 Ill-sn
563 1541 671 1580 ιιιιιιιιι
685 1539 806 1580 rnoaun.

124 1630 145 1685 J
147 1646 196 1684 uu
209 1631 293 1699 Flore,
306 1631 401 1701 quibus
413 1636 543 1686 terrarum
554 1631 651 1684 militet
663 1629 715 1684 oris

123 1701 248 1755 Claudius
261 1701 375 1769 Augusti
388 1701 533 1770 privignus,
546 1701 611 1752 scire
623 1699 718 1753 laboro.

122 1771 259 1826 Thracane
271 1788 316 1823 vos
329 1771 486 1839 Hebrusque
498 1771 580 1822 nivali
593 1769 716 1838 compede
728 1767 839 1838 vinctus,

122 1841 166 1895 An
179 1842 247 1894 freta
259 1841 358 1894 vicinas
371 1841 584 1893 intercurrentis
596 1847 688 1905 turres,

121 1911 166 1964 An
179 1912 289 1981 pingues
302 1911 370 1964 Asiae
383 1911 469 1980 campi
482 1910 610 1980 collesque
623 1907 774 1964 moranturl

123 1981 194 2045 Quid
202 1981 318 2034 studiosa
327 1981 416 2034 cohors
424 1998 532 2050 operum
540 1980 637 2036 struitl
666 1979 913 2054 Hocquoquecuro.

123 2050 189 2114 Quis
202 2051 250 2104 tibi
262 2067 302 2104 res
314 2059 400 2120 gestas
413 2051 526 2120 Augusti
540 2051 650 2106 scribere
664 2048 761 2104 sumiti

121 2119 197 2173 Bella
210 2119 267 2188 quie
280 2127 395 2241 stipatam
408 2121 515 2188 longum
528 2121 653 2176 diffundit
666 2121 694 2174 in
707 2119 809 2178 aevuml

122 2189 194 2253 Quid
207 2189 291 2242 Titius
345 2208 422 2243 mana
434 2189 506 2244 brevi
520 2205 645 2244 venturus
658 2191 685 2244 in
698 2189 760 2246 oral

121 2259 256 2313 Pindarici
269 2259 349 2311 fontis
361 2259 405 2327 qui
419 2276 470 2314 nou
483 2261 612 2330 expalluit
625 2261 742 2330 haustus,
880 2265 913 2320 lo

120 2329 251 2382 Fastidire
264 2328 335 2384 lacus
349 2337 375 2383 et
387 2329 455 2382 rivos
468 2347 546 2384 ausus
559 2339 669 2402 apertos.

120 2399 160 2453 Ut
172 2398 260 2452 valetl
279 2405 311 2453 ut
322 2397 444 2452 meminit
456 2398 555 2454 nostril
590 2399 734 2454 Fidibusne
746 2399 849 2462 Latinis

120 2469 257 2523 Thebanos
270 2475 360 2538 aptare
372 2467 461 2523 modos
474 2469 563 2524 studet
575 2470 681 2540 auspice
695 2469 778 2544 Musa,

16 2543 23 2558 ¹
120 2541 164 2594 An
177 2541 278 2608 tragica
290 2539 398 2596 deserit
410 2545 437 2594 et
449 2539 612 2610 ampullatur
625 2541 652 2596 in
664 2539 738 2598 urtel

161 2633 224 2677 Hom
505 2622 522 2667 0
