2006 2814
363 64 446 118 1101t.
464 65 574 124 EPIST.
594 71 618 124 1.
638 75 661 124 1.
850 77 899 132 189

118 175 242 246 Pupillis,
255 191 319 246 quoe
331 176 398 235 dure
410 178 507 248 premit
519 178 638 234 custodie
649 182 774 246 mettun,

118 247 163 302 Sic
176 247 240 300 mihi
254 247 330 306 turde
343 247 431 304 fluunt
444 249 599 320 ingrataque
612 257 737 317 tempore,
750 266 808 318 que
820 264 893 320 spem

118 317 314 386 Consiliumque
327 329 463 374 morentur
476 319 571 388 egendi
585 319 688 372 naviter
700 319 735 386 id,
748 318 818 388 qnod

117 386 206 456 AEqne
220 387 378 456 pauperibus
392 389 502 457 prodest.
516 387 690 463 locupletibus
703 405 785 458 reque,

118 456 205 524 AEqne
219 457 368 524 neglectum
381 459 468 526 pueris
481 459 639 526 senibusque
652 458 762 516 nocebit.

117 526 220 592 Restat,
234 535 264 578 ut
278 527 317 580 his
330 545 378 596 ego
391 545 432 582 me
445 530 500 598 ipse
512 546 601 597 regem
615 527 732 650 solerlus
745 528 894 587 elementis:

116 595 144 650 N
145 614 178 648 on
191 597 272 665 possis
285 597 359 650 oculo
372 606 501 666 quantum
515 598 671 654 contendere
704 615 811 668 ymetus,

116 665 144 719 N
145 683 178 718 on
191 675 279 719 temen
292 667 389 722 ideireo
401 677 552 726 contemnes
565 669 653 738 lippus
666 667 774 736 inungit

116 735 180 802 Nec,
194 736 257 805 quie
269 737 388 806 desperes
400 738 494 792 invicti
506 739 623 794 membre
636 737 767 806 Glyconis,
878 741 913 796 30

116 805 143 858 N
145 806 223 858 odose
235 823 328 878 eorpus
340 807 407 860 nolis
420 808 557 876 prohibere
569 809 700 876 eheregre.

116 875 166 929 Est
179 877 292 944 quedem
305 877 407 945 prodire
421 887 504 944 tenne,
517 879 538 932 ei
551 895 603 932 nou
616 879 695 932 detur
707 877 785 936 ultre

116 945 214 999 Fervet
226 947 338 1004 eteritis.
350 948 495 1015 misereque
507 948 630 1016 cupidine
643 955 748 1018 peetus:

117 1013 187 1069 Sunt
200 1015 317 1074 verberet
330 1033 412 1083 voees,
425 1015 521 1084 quibus
533 1017 605 1074 huno
617 1017 699 1072 lenire
711 1017 827 1075 dolerem

117 1084 204 1138 Possis
217 1093 244 1138 et
256 1103 379 1154 nmgnrun
392 1087 475 1142 morbi
488 1087 618 1156 deponere
629 1095 740 1158 purtem.

117 1154 216 1208 Laudis
228 1171 315 1210 emere
327 1165 427 1214 tumes:
446 1166 508 1212 runt
520 1165 592 1214 eerte
624 1157 716 1224 iacula,
729 1173 788 1226 quie
801 1162 828 1216 ie

117 1224 168 1278 'Per
198 1241 244 1277 ure
257 1224 325 1277 lecto
338 1234 463 1295 poterunt
475 1244 592 1282 reereure
605 1175 700 1284 iibens.

117 1242 237 1362 Inpius,
250 1295 398 1360 irueundue,
411 1297 488 1363 inere,
501 1297 613 1378 vinoque,
627 1303 735 1354 errator.

116 1363 201 1416 Nemo
214 1364 278 1420 eden
291 1364 362 1422 ferus
374 1373 421 1433 eet,
434 1373 530 1424 utnon
543 1375 678 1426 mitescere
691 1370 779 1436 puerit,

117 1432 146 1486 si
159 1434 235 1488 modo
247 1435 357 1492 culture
371 1437 516 1505 punientem
529 1436 676 1494 commodet
688 1451 786 1496 eurem·
877 1439 911 1492 4⁰

118 1501 211 1556 Virtus
224 1512 262 1557 est
276 1506 370 1558 vitium
383 1507 473 1574 fugere
486 1515 513 1558 et
526 1507 655 1575 sapientie
668 1507 753 1576 primu

117 1571 240 1630 Stultitie
252 1576 371 1628 seruisse.
410 1575 496 1641 Vides,
509 1593 568 1644 quur
581 1577 698 1634 menime
710 1575 793 1634 medie

116 1641 181 1696 Esse
193 1644 269 1707 melu,
283 1646 410 1713 exiguum
422 1661 530 1698 censum
542 1653 699 1714 turpemque
711 1644 850 1714 repuleeur,

118 1712 224 1778 Quanto
236 1713 336 1766 devites
348 1715 430 1766 enimi
443 1715 590 1784 oepitirque
602 1713 705 1778 luberet

117 1781 235 1851 Impiger
247 1789 376 1835 extremos
390 1785 472 1836 curris
485 1792 613 1838 meroutor
624 1783 658 1838 ed
672 1784 758 1850 Indor,

117 1851 168 1906 Per
180 1869 251 1904 mure
264 1854 417 1921 pauperiem
429 1853 542 1921 fugiens,
554 1872 600 1924 per
613 1871 683 1922 eene,
697 1871 743 1924 per
754 1855 843 1926 ignett

117 1922 161 1974 Ne
173 1939 246 1974 eures
259 1939 297 1987 eu,
309 1939 369 1990 quer
381 1924 463 1976 stiilte
476 1923 577 1978 mireris
590 1932 617 1978 et
629 1933 713 1994 optes,

116 1991 224 2044 Discere
237 2001 264 2044 et
276 1991 368 2045 eudim
379 1999 407 2046 et
419 1993 521 2046 meliori
533 1994 637 2048 eredere
650 2011 702 2048 non
716 1992 772 2049 visi

119 2060 184 2124 Quis
197 2061 295 2113 circum
309 2079 389 2130 peges
401 2071 428 2116 et
441 2065 538 2116 oiroum
552 2065 669 2134 compito
681 2079 791 2136 pugnax

117 2129 219 2198 Magne
232 2131 349 2183 corouuri
361 2141 513 2186 contemnet
526 2133 655 2203 Olympia,
670 2135 736 2188 eois
770 2149 790 2203 e,
878 2137 912 2189 80

117 2199 167 2252 Cui
180 2200 214 2252 sit
228 2200 342 2253 conditio
354 2201 439 2254 duleis
452 2203 507 2256 rins
520 2203 628 2272 pulvere
640 2151 769 2274 pelrneeie

118 2267 206 2322 Vilius
219 2279 359 2337 ungentum
372 2279 412 2323 est
424 2289 495 2334 euro,
509 2273 652 2326 virtutibus
665 2291 767 2327 eurum.

120 2336 165 2390 “0
178 2337 255 2402 cives,
268 2351 345 2401 cives,
357 2335 498 2408 quaerenda
510 2353 623 2404 peoumn
635 2341 750 2408 primunr
762 2349 802 2398 eet
814 2365 821 2411 ;

123 2407 212 2461 Virtus
226 2413 284 2474 post
297 2405 441 2457 nummos.'’
478 2406 542 2460 Haee
554 2407 641 2460 Jenur
653 2427 769 2466 summus
780 2415 813 2466 ub
826 2417 877 2472 imo

121 2477 257 2544 Producet‚
271 2477 327 2531 huso
339 2477 462 2532 recinunt
470 2479 581 2546 juvenes
593 2479 694 2533 dictate
707 2497 831 2554 senesque

122 2547 199 2601 Leevo
212 2548 331 2618 suspensi
345 2548 442 2602 loeulos
454 2549 625 2620 tebulemque
638 2549 742 2605 luoerto.

123 2617 171 2670 Est
183 2620 286 2674 unimus
300 2619 357 2690 tibi,
369 2628 433 2674 eunt
444 2637 528 2680 meree
540 2629 568 2677 et
578 2619 672 2692 Ungue
683 2621 806 2696 neuque,
