1990 2810
333 143 419 199 VITA
437 143 596 201 HORATII.
833 145 872 202 vii

75 257 158 327 deest,
171 259 356 330 corpusculum
367 277 423 314 non
435 261 513 315 deest.
558 260 652 330 ltaque
668 258 757 315 licebit
772 259 800 315 in
816 280 872 318 sox-

76 331 171 383 tariolo
186 329 294 384 scribas:
313 348 395 400 quum
407 330 531 384 circuitus
541 330 680 384 voluminis
693 331 733 384 tui
749 332 784 385 sit
795 333 870 396 ὀγκω-

78 399 200 468 Maraces,
213 401 282 453 sicut
294 408 333 453 est
344 401 487 454 ventriculi
496 399 560 454 tui.'’
588 400 630 453 Ad
643 417 682 454 res
692 400 822 455 Venereas
834 402 874 454 in·
882 410 911 458 12

77 470 266 537 temperantior
278 470 410 534 traditum
427 469 501 540 [narn
513 470 646 540 speculato
655 469 775 524 cubiculo
788 478 872 523 scorta

77 535 177 590 dicitur
192 539 314 593 habuisse
331 540 463 608 disposita,
479 545 518 606 ut,
553 557 692 611 uocunque
709 539 872 610 respexisset,

74 603 116 660 ibi
139 607 164 660 ei
188 608 274 678 imago
292 610 376 662 coitus
394 559 554 680 referretan
588 609 664 664 Vixit
681 609 826 680 plurimum
843 610 871 661 in
883 625 911 672 13

77 692 179 730 secessu
190 681 258 731 nnis
271 679 311 731 sui
324 679 414 732 Sebini
427 685 474 733 aut
489 680 638 734 Tiburtini:
657 680 799 750 domusque
816 681 872 748 ejus

76 747 225 800 ostenditur
234 749 303 802 circa
314 748 425 801 Tiburni
436 749 562 802 luculum.
591 749 726 803 Venerunt
737 749 766 802 in
778 764 872 805 manus
883 760 912 806 14

75 831 149 868 meas
161 823 188 870 et
201 817 275 886 illegi
288 817 337 870 sub
347 820 403 900 ejus
415 819 504 886 titulo,
511 824 538 872 et
547 818 666 888 Epistola
673 836 749 889 prosa
756 819 872 872 oratione

75 885 153 953 quasi
170 887 377 940 commendantrs
395 905 422 941 so
442 887 597 942 Maecenati:
615 889 660 942 sed
677 895 788 958 utraque
805 887 873 940 falsa

74 962 158 1022 puto;
181 974 243 1008 nam
262 957 339 1025 Elegi
359 958 488 1027 vulgares,
508 959 628 1028 Epistola
648 959 728 1012 etiarn
747 958 871 1012 obscura:

74 1041 128 1092 quo
150 1025 214 1079 vitio
234 1027 344 1080 minime
364 1027 511 1082 tenebatur.
546 1027 631 1082 Natus
651 1034 691 1081 est
714 1035 788 1082 sexto
808 1027 871 1081 Idus
882 1033 911 1080 15

72 1093 238 1161 Decembres,
263 1092 344 1150 Lucio
369 1097 446 1150 Cotta
470 1105 497 1151 et
520 1097 601 1152 Lucio
625 1097 757 1168 Torquato
781 1112 872 1151 consu-

73 1161 168 1218 libuss.
216 1166 334 1219 Decessit
364 1168 458 1236 quinto
479 1167 611 1221 Kalendas
631 1165 792 1234 Decembres,
810 1166 871 1220 (laio
882 1171 912 1219 16

73 1232 175 1287 Marcio
199 1235 339 1289 Censorino
362 1245 389 1290 et
414 1237 476 1290 Caio
494 1236 585 1290 Asinio
604 1237 678 1291 Gallo
699 1236 871 1302 consulibus⁶,

70 1311 134 1368 post
153 1306 293 1373 septimum
317 1312 345 1359 et
369 1307 619 1377 quinquagesimum
641 1324 750 1375 annum,
769 1305 873 1360 haerede

72 1370 195 1442 Augusto
208 1375 297 1444 palam
310 1383 471 1446 nuncupato,
483 1395 573 1447 quum,
582 1383 692 1446 urgente
705 1377 733 1430 vi
744 1375 873 1430 valetudi-

71 1442 122 1508 nis,
135 1460 188 1496 non
201 1445 330 1498 sufficeret
347 1446 381 1499 ad
400 1446 573 1515 obsignandas
591 1447 743 1500 testamenti
760 1445 872 1500 tabulas.

73 1511 209 1566 Humatus
233 1520 260 1568 et
283 1515 406 1570 conditus
430 1523 470 1571 est
494 1516 618 1571 extremis
641 1515 776 1588 Esquiliis,
791 1517 872 1586 juxta
882 1518 911 1572 1⁷

73 1580 227 1638 Maecenatis
239 1585 383 1640 tumulum.
440 1613 442 1618 ·

380 1759 398 1799 2
424 1759 566 1801 ANONYML

107 1835 224 1898 Quintus
245 1838 371 1896 Horatius
389 1841 503 1908 Flaccus,
524 1841 643 1899 libertino
660 1845 733 1916 patre
750 1845 827 1900 natus
844 1842 895 1900 inl

73 1908 177 1980 Apulia,
198 1927 256 1964 curn
273 1915 379 1982 parente
396 1911 424 1967 in
445 1912 552 1969 Sabinos
571 1913 660 1970 comm'
680 1914 752 1970 ravit.
787 1913 896 1974 Quemt

70 1994 132 2032 cum
150 1983 224 2051 pater
241 1997 349 2051 puerum
365 1982 474 2038 Romam
494 1983 607 2039 misisset
624 1983 652 2040 in
678 1986 759 2040 udum
775 1983 872 2040 littera·

69 2047 157 2130 rium,
171 2049 324 2121 parcissimis
349 2051 464 2109 eruditus
488 2053 616 2126 impensis,
642 2053 772 2127 angustias
791 2054 872 2127 patris

67 2123 133 2174 nort
150 2123 259 2190 mgenio‚
272 2121 350 2176 ooluit
368 2141 401 2178 ue
416 2122 560 2179 adolescens
573 2123 691 2191 Brutum,
705 2123 752 2180 sub
782 2142 815 2178 uo
827 2123 872 2179 tri·

68 2189 157 2244 banus
169 2189 279 2244 militum
291 2191 359 2247 civili
385 2193 434 2248 ello
441 2193 574 2250 militavit:
594 2199 759 2266 captusqnea
793 2211 873 2250 asara

66 2261 130 2326 post
150 2258 261 2315 multum
278 2268 388 2334 tempus,
410 2262 531 2319 beneflcio
551 2264 701 2320 Maecenatis
719 2283 772 2319 non
789 2263 870 2318 solum

68 2335 196 2394 servatus,
206 2329 251 2385 sed
258 2331 369 2387 etiamin
379 2333 514 2388 amicitiam
524 2341 641 2405 receptus
649 2342 704 2400 est3
717 2339 872 2404 quapropter

71 2398 210 2454 Maecenati
226 2405 253 2455 et
271 2403 392 2474 Angusto
415 2403 443 2457 in
466 2403 582 2458 amnibus
606 2402 708 2473 seriptis
726 2402 779 2458 suis
797 2418 872 2456 vene·

70 2467 185 2524 rabiliter
202 2471 322 2542 assurgit.
368 2472 475 2543 Scripsit
493 2478 579 2527 autem
597 2471 744 2529 carminum
764 2470 807 2525 lib.
827 2465 898 2541 iad

71 2569 281 2670 &inhonora
297 2575 405 2622 auom
421 2574 447 2614 st
461 2573 511 2614 nor.
526 2574 631 2616 conatu
645 2574 711 2622 aurs
727 2571 791 2624 apsa
805 2571 873 2620 1t⁶t

94 2669 375 2722 ‘MUQMQMQM
