1990 2810
312 83 664 156 cmunsmmss.

166 194 240 252 Auro
250 211 376 266 repensus
388 194 488 249 scilicet
499 194 583 248 serim

167 266 246 321 Miles
257 265 361 320 redibit.
396 265 513 335 Flagitio
524 263 623 318 additis

200 335 348 391 Damnum:
366 352 452 405 neque
463 334 570 388 amissos
581 333 679 388 colores

235 405 310 460 Inna
320 405 401 459 refert
412 405 544 460 medicata
555 405 624 473 succ,

165 474 222 531 Nec
233 493 295 530 vera
306 476 399 540 mrtus,
412 492 494 544 quum
506 475 586 530 semel
597 473 705 545 excidit,

166 545 248 600 (iurat
258 545 350 615 reponi
361 543 541 600 deterioribus.

98 651 106 656 -
201 615 230 671 fii
261 621 344 686 ugnat
355 615 486 670 extricata
497 615 585 670 densis

237 633 320 740 gersa
331 685 425 756 plagis,
437 687 487 739 erit
499 686 545 740 ille
556 687 640 758 fortis,

166 755 220 822 Qui
215 755 338 879 qim
350 773 378 808 se
389 755 501 810 credidit
512 756 639 827 hostibus,

167 825 204 880 Et
245 832 302 880 arte
315 825 409 878 Poenos
421 831 538 895 proteret
549 826 640 896 altero,

200 895 254 962 Qui
265 895 322 949 lora
332 895 461 950 restrictis
472 895 577 950 lacertis

236 964 324 1019 Sensit
335 964 405 1018 iners
417 965 560 1035 timuitque
570 969 688 1024 mortem.

166 1033 228 1104 Hic,
238 1033 311 1088 unda
323 1035 407 1088 vitam
419 1042 540 1102 sumeret,
552 1035 651 1090 inscius

90 1128 95 1137 ·
164 1103 261 1159 Pacem
273 1103 362 1158 duello
373 1105 488 1158 miscuit.
524 1103 657 1175 Opudori

201 1173 624 1301 0ppss1⁰gpffiqqqsr0r

166 1312 263 1367 Fertur
274 1314 378 1384 pudica
390 1315 509 1384 conjugis
521 1314 641 1369 osculum

165 1382 316 1454 Parvcsque
325 1389 410 1453 natos,
423 1390 454 1438 ut
465 1385 560 1454 capitis
571 1385 665 1455 minor,

199 1452 242 1507 Ab
254 1471 280 1508 sc
292 1455 431 1508 removisse
442 1459 470 1508 et
481 1455 585 1510 virilem

234 1522 334 1577 'I'crvus
345 1524 420 1578 humi
431 1525 548 1593 posuisse
559 1524 679 1580 vultum:

163 1591 254 1646 Donec
265 1592 385 1648 labantes
396 1594 504 1648 consilio
515 1600 604 1664 patres

164 1661 296 1716 summes
306 1669 399 1717 auctor
409 1681 549 1734 nunquam
560 1664 625 1718 alias
637 1663 707 1734 dato,

200 1731 327 1802 Interque
338 1739 476 1788 maerentes
488 1735 585 1787 emices

233 1801 363 1872 Egregius
375 1812 527 1874 properaret
539 1803 649 1858 exsui*

165 1871 249 1942 Atqui
261 1872 360 1927 sciebat
371 1891 431 1943 quse
444 1874 494 1930 sibi
505 1872 632 1928 barbarus

165 1942 258 1996 'icrtcr
269 1949 390 2012 pararet;
407 1959 461 1996 non
472 1943 551 1998 aliter
561 1949 653 1998 tamen

198 2011 318 2066 Dimosit
329 2012 463 2066 obstantes
474 2013 634 2083 propinquos

233 2082 270 2136 Et
281 2081 409 2204 pclpulum
420 2083 521 2136 reditus
533 2088 686 2152 morantem,

163 2150 249 2217 Quam
262 2151 284 2205 si
296 2169 310 2204 c
332 2157 424 2205 autum
436 2152 515 2222 longa
527 2153 634 2222 negotia

164 2220 319 2290 Dijudicata
330 2221 378 2275 lite
389 2221 555 2291 relinqueret,

199 2291 319 2345 'iendens
332 2291 495 2345 Venafranos
506 2293 535 2346 in
547 2309 623 2360 agros

234 2363 291 2415 Aut
302 2359 529 2416 hcedaemonium
540 2361 692 2416 'Parentum
