2006 2814
274 101 530 158 EPISTOLARUM
549 103 572 158 Ι.
590 107 669 158 3-5.
819 94 869 148 iot

74 208 150 262 Inter
162 225 234 279 spem
246 225 396 278 curemque,
408 207 514 261 timores
526 206 597 261 inter
608 212 635 260 et
646 206 706 274 ires,

73 279 185 332 Omnem
197 279 272 332 crede
285 280 355 331 diem
368 279 417 331 tibi
429 277 556 330 diluxisse
569 293 738 344 supremum

73 347 156 401 Grata
168 350 340 418 superveniet,
353 365 412 416 quse
424 365 477 400 nou
490 345 644 416 sperabitur,
656 345 726 399 hore.

72 418 119 470 Ille
131 418 256 486 pinguem
268 426 295 471 et
307 418 424 470 nitidum
436 417 501 470 bene
514 423 606 468 curete
618 423 679 466 cute
691 415 765 482 vises,

73 487 163 552 Quum
173 488 258 540 ridere
271 488 350 556 voles,
362 487 471 556 Epicuri
483 487 516 540 de
527 502 606 554 grege
619 501 735 554 porcum.

217 669 394 724 EPISTOLA
412 670 519 726 V.-sn
533 687 713 736 concussor.

71 771 104 826 St
115 775 190 841 potes
203 770 337 824 Archiacis
350 772 459 825 convive
470 772 620 825 recumbere
632 771 708 824 lectis

70 841 98 894 N
99 859 128 894 ec
140 841 242 894 modice
255 859 356 894 coenare
369 842 445 894 times
458 841 515 894 olus
527 858 603 894 omne
615 841 724 911 petella,

70 910 199 980 Supremo
212 919 238 964 te
251 911 303 964 sole
315 911 393 977 domi,
406 911 543 979 Torquate,
556 911 673 965 manebo.

75 980 142 1034 Vina
154 980 226 1032 bibes
238 981 334 1032 iterum
347 981 432 1032 Tauro
445 980 540 1032 diffusa
553 980 683 1049 palustres

70 1050 145 1102 Inter
159 1049 308 1103 Minturnas
321 1050 559 1118 Sinuessanumque
572 1050 718 1104 Petrinum.

69 1119 99 1173 Si
111 1120 205 1171 melius
218 1120 282 1188 quid
295 1119 381 1184 hebes,
394 1136 494 1172 arcesse
506 1119 548 1172 vel
561 1119 701 1189 Mperium
713 1120 760 1174 fer.

68 1188 236 1242 Jamdudum
248 1189 369 1258 splendet
381 1190 454 1242 focus
466 1196 493 1241 et
505 1189 554 1241 tibi
567 1189 667 1242 munda
678 1189 804 1259 supellex.

68 1258 151 1311 Mitte
164 1258 233 1311 leves
246 1276 303 1328 spes
316 1266 343 1311 et
355 1259 501 1312 certamine
512 1258 666 1312 divitiarum

67 1327 106 1382 Et
119 1328 221 1381 Moschi
233 1345 354 1382 causam:
373 1346 429 1382 crus
443 1336 505 1380 neto
518 1328 618 1381 Cessare
629 1329 712 1382 festus

66 1397 124 1450 Det
136 1398 240 1451 veniam
253 1415 423 1469 somnumque
436 1398 506 1459 dies:
525 1399 633 1467 impune
645 1398 735 1452 licebit
829 1401 863 1452 10

66 1467 200 1520 AEstivsm
213 1485 330 1521 sermone
341 1468 455 1536 benigno
468 1468 575 1521 tendere
589 1475 699 1522 noctem.

67 1537 126 1601 Quo
137 1537 204 1589 mihi
216 1538 358 1603 fortunam,
371 1539 393 1590 si
405 1555 458 1592 non
470 1538 623 1590 conceditur
634 1537 693 1590 util

66 1606 167 1660 Parcus
179 1606 212 1659 ob
224 1607 327 1660 heredis
339 1625 431 1660 curem
443 1607 607 1674 nimiumque
620 1623 724 1662 severus

66 1676 174 1730 Assidet
186 1677 292 1729 insano:
311 1683 402 1745 potere
414 1684 441 1730 et
454 1694 575 1745 sporgere
587 1675 662 1729 flores

65 1745 202 1816 Incipiam
215 1747 353 1815 potiorque
366 1746 407 1798 vel
420 1746 585 1798 inconsultus
598 1745 696 1799 heberi.

66 1815 138 1880 Quid
152 1833 203 1868 non
216 1816 328 1868 ebrietes
341 1814 479 1883 designati
517 1814 614 1882 Operta
626 1815 746 1885 recludit,

64 1885 131 1952 Spes
139 1885 217 1953 jubet
229 1901 284 1937 esse
295 1893 373 1950 retes,
386 1884 420 1937 sd
433 1883 526 1955 proelia
537 1883 623 1938 trudit
634 1886 763 1952 inertem3

66 1954 193 2008 Sollicitis
205 1955 301 2006 animis
313 1971 379 2007 onus
392 1955 493 2019 eximit,
505 1954 616 2007 addocet
627 1963 704 2008 artes

65 2023 187 2077 Fecundi
199 2024 292 2076 calices
305 2041 383 2092 quem
395 2041 448 2076 non
461 2024 545 2076 fecere
557 2024 702 2077 disertuml

65 2094 208 2146 Contracta
220 2110 298 2161 quem
310 2111 364 2146 non
377 2094 404 2146 in
418 2101 574 2162 paupertate
586 2094 722 2147 solutuml
826 2092 860 2148 20

64 2163 133 2216 Huc
145 2178 194 2230 ego
205 2179 343 2232 procurare
356 2171 383 2216 et
395 2163 503 2216 idoneus
516 2163 629 2232 imperor
641 2173 667 2217 et
679 2181 733 2218 non

64 2231 180 2298 Invitus,
193 2249 227 2284 ne
239 2239 317 2301 turpe
329 2232 404 2299 torel,
418 2249 451 2284 ne
464 2233 569 2285 sordide
580 2250 641 2302 mep
660 2252 677 2287 e

64 2303 193 2368 Corruget
205 2319 288 2368 neres,
301 2319 334 2354 ne
346 2319 399 2354 non
413 2310 440 2355 et
452 2303 594 2355 cantharus
607 2311 634 2356 et
643 2252 710 2358 lanx

64 2369 197 2424 Ostendat
209 2371 258 2424 titi
271 2379 305 2439 te,
318 2389 351 2424 ne
363 2372 428 2424 fidos
442 2373 511 2424 inter
523 2373 620 2426 amicos

64 2441 107 2496 Sit
120 2440 165 2509 qui
178 2441 250 2494 dicte
262 2442 331 2495 fores
342 2441 470 2506 eliminet,
482 2450 514 2495 ut
526 2445 602 2496 coiet
614 2461 662 2512 per

65 2511 86 2564 J
89 2518 255 2581 ungeturque
267 2512 332 2582 peri
368 2511 481 2566 Butram
493 2512 544 2565 tibi
556 2512 759 2585 Septiciumque,

65 2579 103 2635 Et
114 2580 165 2644 nisi
177 2599 252 2637 coena
263 2583 335 2657 prior
345 2583 483 2660 potiorque
495 2583 585 2655 puelle
597 2583 725 2642 Sabinum
