2006 2814
292 83 543 144 nmsromuutt
561 84 583 144 1.
604 88 644 155 17,
664 89 704 143 18.
847 80 898 143 213

99 189 224 248 Esthuic
236 187 369 250 diversum
381 195 446 250 vitio
459 195 555 251 vitium
567 213 647 269 prope
658 197 752 268 malus.

99 265 235 334 Asperitas
247 265 357 334 agrestis
370 273 397 320 et
409 267 567 322 inconcinna
580 269 727 339 gravisque,

100 335 165 398 Quae
178 353 205 387 se
217 336 383 390 commendat
395 343 471 390 tonsa
483 345 552 406 cute,
565 338 688 392 dentibus
700 338 773 407 atris,

100 403 172 458 Dum
184 405 243 458 vult
255 405 362 459 libertas
375 405 428 460 dici
439 424 512 461 mera
524 425 637 478 veraque
648 409 740 464 virtus.

101 474 193 527 Virtus
206 483 246 529 eet
257 474 375 528 medium
387 477 512 530 vitiorum
525 485 551 531 et
564 479 688 548 utrinque
699 479 846 534 reductum.

100 543 382 614 Alterinobsequium
394 546 455 615 plus
467 565 541 630 aequo
572 549 750 602 rouusetimi
863 550 897 602 10

100 613 206 667 Derisor
218 614 281 667 lecti
293 615 331 668 sic
343 622 440 669 nutum
452 615 543 670 dirutis
553 565 650 685 derret,

101 682 145 736 Sic
157 683 236 737 iterat
248 701 323 738 voces
335 691 363 738 et
375 686 456 740 verba
467 687 591 741 cadentia
603 689 682 758 tollit,

32 774 35 778 ·
102 753 140 806 Ut
153 771 263 822 puerum
275 771 343 808 saevo
355 756 445 810 credas
457 757 557 811 dictate
569 759 696 828 magistro

103 823 221 876 Reddere
233 824 275 878 vel
288 831 375 894 partes
386 825 498 879 mimum
510 833 624 882 tractare
636 827 769 884 secundas.

102 893 179 946 Alter
190 894 294 947 rixatur
306 893 339 948 de
350 894 413 949 lana
425 911 492 965 saepe
504 897 620 966 caprina,

103 964 273 1034 Prepugnat⁰
283 969 362 1034 nugis
374 976 507 1021 armatus:
526 970 541 995 ‘⁶
550 965 664 1028 Scilicet,
676 971 772 1020 utnon

104 1035 145 1090 Sit
155 1035 221 1087 mihi
233 1037 319 1156 prima
331 1034 402 1098 fides,
412 1039 440 1088 et
452 1051 512 1089 rere
523 1037 593 1105 quod
605 1037 693 1154 placet
704 1040 736 1087 ut
748 1047 802 1084 nou

103 1105 206 1158 Acriter
219 1123 232 1157 e
244 1112 327 1157 atrem
339 1101 366 1154 l”
391 1103 509 1155 Pretium
523 1112 586 1156 aetas
598 1121 614 1156 a
626 1113 681 1155 tera
694 1102 786 1153 sordet.

105 1166 259 1288 Ambigitur
271 1169 335 1235 quid
348 1169 435 1218 enim‘l
455 1167 545 1218 Castor
557 1166 621 1217 sciat
633 1182 668 1218 an
681 1165 803 1217 Dolichos
815 1161 890 1234 plus:

106 1238 181 1291 Brun
200 1237 278 1289 isium
292 1235 397 1288 Minuci
409 1234 502 1288 melius
515 1235 558 1287 ria
570 1233 650 1288 ducat
662 1251 697 1287 en
710 1233 789 1303 Appi.
864 1233 899 1286 20

107 1307 192 1370 Quem
204 1305 329 1359 damnosa
342 1305 438 1372 Venus,
450 1322 529 1374 quem
541 1321 656 1374 praeceps
668 1304 726 1358 alea
737 1303 830 1372 nudat,

108 1377 197 1431 Gloria
209 1393 287 1446 quem
299 1393 377 1445 supra
391 1376 459 1428 vires
471 1381 498 1428 et
510 1375 589 1429 restit
601 1381 628 1428 et
640 1374 726 1444 ungit,

109 1446 194 1512 Quem
205 1453 279 1501 tenet
290 1445 394 1515 argenti
406 1447 464 1499 sitis
475 1447 627 1514 importuna
638 1445 779 1514 famesque,

109 1517 194 1580 Quem
223 1516 369 1587 eupertatis
381 1515 504 1597 puderet
516 1515 586 1584 fuga,
599 1514 671 1567 dives
683 1515 785 1567 amicus

109 1585 183 1655 Saepe
196 1533 285 1639 ddcem
296 1586 369 1639 vitiis
381 1585 535 1638 instructior
546 1585 602 1637 odit
614 1589 641 1637 et
652 1584 747 1652 horret,

108 1657 173 1724 Aut,
186 1657 208 1709 si
219 1673 273 1709 non
285 1656 349 1722 odit,
361 1655 473 1723 regitac
485 1653 568 1706 veluti
580 1655 625 1723 pia
636 1661 721 1707 mater

110 1725 175 1778 Plus
187 1742 268 1794 quam
280 1743 307 1778 se
319 1740 409 1794 sapere
421 1731 448 1779 et
459 1722 602 1778 virtutibus
614 1739 668 1776 esse
680 1723 794 1792 priorem

109 1799 183 1863 Vult,
195 1807 223 1852 et
234 1800 274 1852 eit
286 1815 366 1868 prope
378 1815 455 1851 rere:
480 1797 496 1824 “
503 1795 570 1849 Meae
581 1825 617 1836 -
628 1795 784 1850 contendere
796 1795 851 1851 noli
862 1797 898 1840 -ὲ-

110 1867 261 1922 Stultitiam
273 1869 414 1937 patiuntur
424 1883 500 1937 opes;
518 1865 567 1922 tibi
579 1873 690 1936 parvula
700 1883 741 1918 res
754 1873 806 1918 est:

110 1937 193 1991 Arete
205 1937 280 1990 decet
292 1954 385 1990 sanum
397 1937 518 1991 comitem
530 1943 606 2008 toga3
624 1935 712 1989 desine
724 1952 826 1987 mecum
866 1937 901 1988 30

113 2009 244 2064 certare?³
280 2007 446 2078 Eutrapelus,
459 2007 608 2076 cuicunque
620 2023 712 2059 nocere
723 2003 835 2070 volebat,

111 2074 278 2129 Vestimenta
290 2077 371 2128 dabat
383 2076 510 2144 pretiosa:
529 2075 621 2127 beatus
634 2075 705 2128 enim
712 2074 771 2142 jam

112 2146 178 2200 (lum
190 2145 307 2227 pulchris
319 2145 417 2198 tunicis
430 2148 517 2197 sumet
528 2160 596 2198 nora
609 2143 717 2197 consilia
729 2149 755 2196 et
768 2159 833 2214 spes,

111 2217 231 2271 Dormret
244 2215 272 2268 in
283 2215 378 2282 lucem,
391 2221 474 2268 scorto
487 2219 625 2284 postponet
638 2215 778 2267 honestum

112 2285 243 2353 Officium,
255 2300 376 2338 nummos
388 2283 486 2337 alienos
498 2290 595 2353 pascet,
608 2283 642 2336 ad
654 2285 736 2336 imum

112 2355 201 2410 Threx
214 2356 264 2408 erit
275 2360 324 2409 sut
336 2354 436 2407 olitoris
448 2361 510 2422 aget
521 2353 640 2408 mercede
652 2353 791 2408 cabellum.

112 2427 249 2480 Arcanum
261 2441 345 2494 neque
357 2429 388 2478 tu
401 2423 557 2477 scrutaberis
570 2422 641 2475 illius
655 2440 786 2494 unquam3

12 2495 28 2556 ’,
114 2496 286 2550 Commissum
304 2511 338 2548 ue
350 2502 422 2564 teges
435 2500 462 2546 et
474 2493 535 2547 vino
547 2500 633 2546 tortus
645 2501 672 2546 et
684 2494 723 2546 ira

114 2566 170 2626 Nec
182 2573 229 2625 tua
240 2566 286 2623 lau
320 2564 361 2618 bis
373 2563 461 2619 studia
472 2570 520 2618 aut
532 2562 619 2618 eliens
630 2562 777 2634 reprendes,

301 2656 312 2684 ’
323 2656 410 2712 rirstcr,
419 2653 441 2698 d
450 2653 465 2698 l.
474 2663 492 2698 ι.
500 2653 586 2710 soprius
596 2653 725 2712 Propngret,
