2006 2814
102 59 156 116 214
329 93 333 98 -
417 57 573 114 nonam

100 163 127 217 N
127 181 163 229 ec,
176 181 258 233 quum
270 164 361 219 venari
372 165 443 220 volet
455 166 507 234 ille,
520 167 643 236 po'e'mata
653 183 760 249 pangas.
795 187 798 192 ·
859 171 903 223 40

102 233 194 287 Gratia
206 235 243 288 sic
255 235 368 289 fratrum
380 236 552 304 geminorum,
565 236 721 305 Amphionis
733 242 814 307 atque

100 302 186 370 Zethi,
199 305 322 375 dissiluit,
335 305 417 359 donec
429 314 550 375 suspecta
562 323 651 360 severo

101 372 234 427 Conticuit
246 375 311 443 lyra.
346 375 481 428 Frateruis
493 376 597 428 cessisse
610 382 722 444 putatur

100 441 219 497 Moribus
233 445 380 514 Amphion:
400 451 430 499 tu
443 447 505 498 cede
518 447 633 515 potentis
645 446 724 500 amici
792 503 795 510 Δ

101 511 217 566 Irenibus
230 515 353 584 imperiis,
368 514 520 584 quotiesque
533 515 627 568 educet
640 517 668 568 in
680 533 755 585 agros

101 581 196 636 AEtolis
209 591 317 638 onerata
328 585 413 654 plagis
422 587 545 653 jumenta
557 602 694 654 canesque,

101 651 185 722 Surge
197 661 224 706 et
237 655 387 708 inhumanae
400 655 501 706 senium
514 655 614 722 depone
627 656 755 721 Gamenae,

102 721 192 776 Ooenes
204 732 236 779 ut
248 725 347 794 pariter
359 723 497 793 pulmenta
508 724 640 777 laboribus
653 733 755 795 empta;

102 791 227 846 Romanis
240 794 364 846 sollemne
377 793 439 845 viris
452 811 523 862 opus,
537 793 602 846 utile
614 795 692 847 famia

102 860 225 930 Vitasque
237 869 264 916 et
275 862 405 929 membris,
419 864 563 932 praesertim
576 881 658 930 quum
671 864 758 918 valeas
770 869 797 917 et
863 870 901 919 50

102 929 152 984 Vel
164 948 241 985 eursu
254 950 376 1000 superare
389 949 480 985 canem
493 933 535 986 vel
548 933 647 986 viribus
659 952 754 1003 aprum

102 999 195 1055 Possis.
231 1002 314 1068 Adde,
326 1002 413 1054 virilia
425 1003 494 1071 quod
508 1002 647 1070 speciosius
659 1022 732 1057 arma

101 1069 128 1124 N
129 1088 162 1123 on
175 1075 214 1124 est
227 1072 273 1142 qui
285 1078 394 1125 tractet:
406 1073 490 1124 —scis
503 1089 554 1140 quo
568 1072 680 1126 clamore
692 1090 792 1126 coronae

102 1139 199 1194 Proelia
211 1143 339 1195 sustineas
352 1142 521 1210 campestria3
533 1171 569 1181 -
581 1143 693 1210 denique
705 1160 799 1197 savam

102 1208 231 1266 Militiam
242 1229 307 1282 puer
318 1218 346 1265 et
359 1211 514 1264 Cantabrica
526 1211 595 1265 bella
607 1212 694 1266 tulisti

103 1277 158 1333 Sub
170 1281 244 1348 duce,
257 1282 303 1349 qui
315 1287 369 1333 tem
389 1281 421 1333 lis
434 1281 592 1334 Parthorum
605 1283 680 1350 signa
691 1281 793 1350 refigit‘

102 1349 183 1404 Nunc
195 1357 228 1418 et,
242 1351 263 1404 si
276 1351 340 1419 quid
352 1301 432 1416 adest,
447 1350 522 1403 Italis
534 1351 671 1420 adjudicat
683 1353 769 1406 armis.

102 1420 149 1486 Ae,
161 1450 197 1460 -
208 1438 241 1473 ne
254 1427 281 1473 te
292 1420 410 1473 retrahas
422 1427 449 1473 et
461 1421 647 1474 inexcusabilis
659 1421 728 1475 absis
740 1450 782 1488 -,

104 1488 230 1554 Quamvis
242 1491 281 1543 nil
294 1498 371 1543 extra
382 1506 522 1543 numerum
534 1491 625 1543 fecisse
638 1490 796 1561 modumque

104 1558 199 1616 curas:
217 1561 352 1614 interdum
364 1559 472 1628 nugaris
484 1577 545 1612 rure
556 1567 681 1629 patemo;
864 1565 903 1616 60
995 1583 996 1595 ’

104 1627 225 1684 Partitur
236 1631 328 1684 lintres
340 1630 478 1695 exercitus,
492 1629 570 1683 Actia
582 1648 673 1700 pugna

104 1698 141 1753 ue
153 1701 221 1754 duce
233 1718 280 1770 per
292 1718 385 1769 pueros
398 1699 487 1752 hostili
499 1717 571 1752 more
582 1701 702 1770 refertur,

104 1768 275 1824 Adversarius
288 1776 327 1823 est
339 1770 427 1836 frater,
441 1769 513 1822 laous
526 1769 634 1838 Hadria,
648 1771 728 1824 donec

104 1835 270 1894 Alterutrum
283 1839 359 1893 velox
372 1839 489 1892 Victoria
501 1839 593 1892 fronde
606 1847 719 1894 coronet.

105 1908 255 1964 Consentire
268 1910 321 1962 suis
334 1909 427 1962 studiis
441 1909 486 1978 qui
499 1909 638 1962 crediderit
650 1916 684 1977 te,

104 1975 204 2034 llantur
216 1986 326 2046 utroque
338 1985 415 2031 tuum
427 1979 548 2032 laudabit
560 1979 653 2050 pollice
666 1979 766 2034 ludum.
993 1987 994 2028 l

105 2049 230 2103 Protinus
242 2055 274 2102 ut
285 2066 405 2101 moneam
416 2077 452 2088 —
464 2049 485 2101 si
499 2049 563 2117 quid
575 2050 710 2102 monitoris
723 2065 782 2118 eges
795 2053 828 2104 tu
841 2081 884 2118 -,

106 2119 175 2183 Quid
188 2121 221 2173 de
233 2135 335 2188 quoque
348 2118 402 2170 viro
415 2123 442 2171 et
454 2119 497 2171 cui
510 2119 588 2184 dieas,
601 2136 669 2187 saepe
681 2119 776 2174 videto.

105 2187 318 2243 Percontatorem
330 2187 359 2240 fu
381 2189 423 2255 'to,
436 2205 498 2241 nam
510 2188 632 2258 garrulus
644 2187 714 2241 idem
726 2195 773 2257 est,

105 2257 161 2313 Nee
173 2259 289 2312 retinent
301 2267 367 2326 patu
378 2275 400 2309 se
413 2259 549 2312 commissa
560 2257 673 2311 fideliter
684 2275 768 2328 aures,
868 2261 905 2315 70

105 2326 141 2380 Et
154 2326 233 2381 semel
246 2327 369 2379 emissum
382 2326 453 2380 volat
465 2327 634 2380 irrevocabile
647 2327 762 2381 verbum.

131 2413 165 2449 on
178 2395 275 2448 ancilla
287 2403 363 2448 tuum
372 2397 448 2465 jecur
459 2397 558 2450 ulceret
571 2396 626 2449 ulla
638 2414 735 2465 puerve

107 2463 183 2517 Intra
195 2481 369 2516 marmoreum
382 2467 522 2518 venerandi
536 2466 616 2519 limen
629 2465 714 2534 amici,

106 2531 148 2588 lle
159 2533 280 2584 dominus
292 2533 368 2602 pueri
379 2533 484 2602 pulchri
496 2552 595 2591 carcere
606 2533 701 2604 puellae

459 2615 467 2646 ¹
479 2621 548 2662 refluit
