2006 2814
375 79 443 134 Ans
460 77 632 134 Poenos:
837 75 902 132 243·

106 183 174 236 Rem
184 181 235 236 tibi
248 179 385 236 Socratica
397 185 521 250 poterunt
533 180 667 234 ostendere
679 180 787 250 charta,
840 183 895 233 310

106 252 245 319 Verbaque
258 251 386 319 provisam
398 267 453 302 rem
466 268 518 303 non
530 249 615 302 invita
628 257 774 318 sequentur.

107 321 159 386 Qui
172 320 273 386 didicit,
287 320 379 388 patriae
392 319 455 388 qnid
468 319 561 372 debeat
573 325 600 371 et
612 319 675 388 quid
688 321 785 386 amicis,

107 391 164 454 Quo
177 391 212 442 sit
224 406 311 443 amore
324 406 423 456 parens,
436 406 487 456 quo
499 389 581 441 frater
592 389 720 441 amandus
732 395 759 441 et
772 389 871 458 hospes,

107 459 183 523 Quod
196 460 230 512 sit
243 458 390 526 conscripti,
403 457 472 526 quod
480 458 579 526 judicis
592 458 714 524 officium,
728 475 786 527 queo

106 529 199 580 Partes
211 529 239 581 in
252 527 349 580 bellum
361 527 433 579 missi
445 527 526 594 ducis,
539 527 583 580 ille
595 528 710 596 profecto

107 596 226 650 Reddere
238 614 353 667 personae
366 596 415 650 scit
427 597 609 650 convenientia
621 597 722 717 cuique.

109 667 246 736 Respicere
258 666 391 736 exemplar
403 667 464 719 vitae
476 683 629 736 morumque
637 668 668 736 ju
688 665 735 719 ebo

106 735 221 789 Doctum
234 735 392 790 imitatorem
405 742 431 788 et
444 735 516 788 vivas
529 735 591 788 hinc
603 736 697 790 ducere
708 751 791 790 voces.

108 805 246 858 Interdum
259 805 373 872 speciosa
385 804 446 857 locis
458 812 610 874 morataque
621 813 691 859 recte

107 874 209 927 Fabula
222 875 319 927 nullius
332 874 448 941 Veneris,
460 874 515 926 sine
528 875 639 942 pondere
651 883 677 928 et
690 879 753 942 erte,
842 875 896 928 320

108 943 219 996 Valdius
231 943 345 996 oblectat
357 944 482 1013 populum
494 944 637 1012 meliusque
648 950 766 998 moratur

109 1012 194 1078 Quam
207 1031 295 1066 versus
308 1013 395 1081 inopes
407 1030 494 1065 rerum
506 1031 634 1082 nngaeque
646 1031 753 1069 canorae.

109 1082 193 1136 Graiis
206 1083 349 1151 ingenium,
364 1083 447 1135 Graiis
459 1083 533 1135 dedit
545 1100 587 1134 ore
599 1084 711 1136 rotundo

108 1151 187 1206 Musa
200 1152 285 1220 loqui;
304 1159 397 1220 praeter
409 1152 514 1204 laudem
525 1152 623 1204 nullius
635 1153 728 1206 avaris.

109 1221 221 1274 Romani
234 1222 307 1304 pueri
320 1221 404 1290 longis
417 1222 560 1276 rationibus
572 1239 655 1275 assem

109 1289 223 1343 Discunt
236 1308 263 1342 m
277 1301 361 1359 partes
373 1301 479 1344 centum
492 1291 621 1344 diducere.
657 1290 737 1344 Dicat

108 1357 194 1411 Filius
207 1357 303 1424 Albini,
315 1357 365 1410 “Si
378 1357 411 1410 de
423 1359 569 1427 quincunce
581 1365 680 1410 remota
692 1362 732 1408 est

109 1427 203 1493 Uncia,
212 1427 275 1494 quid
285 1431 402 1495 superatl
410 1427 433 1480 'i''
447 1428 551 1481 Poteras
560 1428 664 1492 dixisse,
673 1425 805 1480 “Tricas”
818 1424 894 1484 “Etsi

111 1497 177 1549 Rem
191 1498 286 1564 poteris
298 1514 399 1550 servare
412 1508 492 1550 tuam.
529 1498 607 1550 Redit
620 1496 704 1562 uncia,
718 1496 782 1564 quid
792 1495 823 1549 fit
831 1494 859 1550 i”

110 1566 125 1594 “
137 1564 242 1618 semis?
278 1566 314 1616 At
328 1565 384 1618 haec
396 1567 496 1618 animos
508 1583 596 1632 aerugo
607 1573 635 1618 et
647 1583 709 1617 cure
722 1565 808 1617 occuli
843 1565 895 1618 330

112 1629 201 1694 Quum
213 1631 291 1683 semel
305 1631 433 1688 imbuerit.
447 1647 580 1699 speremus
592 1630 708 1682 carmina
720 1629 786 1696 fingi

112 1699 190 1754 Posse
203 1698 310 1752 linenda
322 1699 398 1752 cedro
410 1707 437 1750 et
449 1699 501 1751 levi
514 1699 641 1750 servanda
652 1697 791 1767 cupresso?

111 1772 167 1822 Aut
180 1769 298 1837 prodesse
311 1767 403 1820 volunt
414 1775 461 1820 aut
473 1767 603 1819 delectare
615 1769 709 1836 poetae,

112 1838 168 1892 Aut
181 1837 258 1889 simul
271 1845 298 1889 et
307 1836 427 1904 jucunda
439 1842 465 1888 et
477 1835 570 1888 idonea
582 1836 667 1888 dicere
679 1836 748 1888 vitae.

113 1905 247 1973 Quidquid
261 1905 401 1973 praecipies,
414 1913 469 1957 esto
481 1905 574 1971 brevis,
588 1912 617 1957 ut
630 1906 682 1958 cito
694 1906 766 1960 dicte

112 1975 266 2044 Percipient
279 1974 360 2026 animi
374 1973 468 2026 dociles
481 1981 639 2042 teneantque
650 1975 754 2040 fideles3

114 2044 197 2097 Omne
209 2060 399 2112 supervacuum
411 2043 489 2112 pleno
501 2044 533 2096 de
546 2052 648 2112 pectore
659 2049 758 2098 manat.

114 2113 190 2166 Ficta
203 2113 346 2181 voluptatis
358 2130 436 2165 carisa
448 2113 501 2166 sint
514 2114 632 2182 proxima
644 2115 719 2181 veris,

113 2183 168 2236 Nec
181 2183 356 2250 quodcunque
369 2182 446 2248 volet,
458 2191 548 2251 poscat
560 2182 609 2236 eibi
622 2183 711 2237 fabula
723 2182 801 2252 credi,

113 2252 171 2305 Neu
185 2268 285 2319 pransus
300 2251 394 2304 lamiae
408 2253 497 2304 vivum
511 2269 620 2320 puerum
633 2253 755 2307 extrahat
766 2253 834 2308 eino.
850 2254 901 2306 340

115 2321 244 2374 Ocntnriae
258 2322 388 2374 seniorum
400 2323 504 2389 agitant
516 2323 635 2390 expertia
648 2323 738 2391 frugis,

115 2390 182 2443 Celsi
195 2399 354 2460 praetereunt
365 2401 470 2444 austera
482 2392 604 2459 poemate
617 2391 762 2446 Rhamnes:

115 2459 199 2514 Omne
211 2461 275 2514 tulit
287 2468 423 2528 punctum,
437 2460 482 2529 qui
494 2460 600 2513 miscuit
612 2461 677 2513 ntile
689 2461 761 2516 dulci

115 2529 251 2586 hectorem
262 2529 416 2586 delectando
427 2530 576 2600 pariterque
588 2530 716 2586 monendo
722 2549 731 2600 5
833 2569 842 2590 f

454 2631 461 2662 ¹
470 2637 565 2680 superest
