2014 2810
340 31 482 86 EPODON
500 31 608 88 GARM·
624 32 652 85 ὅ.
832 31 880 90 111

203 135 240 190 Et
251 151 328 189 omne
339 134 457 190 vicinum
468 132 602 203 oppidum,

170 205 235 272 Qua
247 205 332 258 aidera
343 208 486 259 excantata
496 219 559 256 vaae
571 200 695 256 Thessala

204 275 358 344 Lunamque
370 275 434 328 caelo
447 273 550 342 deripit

168 345 222 400 Hie
233 345 387 398 irresectum
399 361 468 397 aava
480 343 559 396 dente
571 339 653 396 livido

204 414 315 468 Canidia
326 414 418 468 rodana
430 413 552 496 pollicem

169 483 239 550 Quid
252 483 321 536 dixit
333 489 380 537 aut
392 483 456 552 quad
469 480 570 536 taeuiti
583 479 599 512 “
608 481 631 535 0
641 478 719 535 rebus
729 483 794 538 meis

203 553 229 606 N
230 570 264 606 on
273 553 394 606 infideles
406 553 520 619 arbitra,
854 555 888 605 50

168 622 230 678 Nox
242 629 268 676 et
280 623 374 690 Diana,
387 639 445 693 quae
458 621 593 676 silentium
603 620 680 689 regia,

203 695 308 746 Arcana
320 710 401 762 quum
412 693 481 745 fiunt
493 708 572 759 saera,

167 763 194 816 N
194 779 247 815 une
259 779 328 815 nune
340 761 436 829 adeste,
449 779 520 814 nune
532 761 560 813 in
572 759 680 814 hostiles
692 759 781 815 domae

205 833 277 885 Iram
290 837 369 900 atque
381 848 481 884 numen
492 830 602 886 vertite!

167 901 351 956 Formidolosie
362 901 427 954 dum
438 901 524 954 latent
536 899 607 954 silvia
619 901 682 954 ferae

202 971 282 1024 Dulci
294 988 383 1041 sopore
395 970 537 1039 languidae,

168 1039 269 1108 Senem,
282 1041 351 1109 quod
364 1057 452 1094 omnes
463 1040 575 1108 rideant,
587 1039 736 1094 adulterum

203 1110 313 1164 Latrent
325 1108 470 1164 Suburanae
482 1125 559 1163 canae

167 1180 257 1235 nardo
268 1187 433 1251 perunctum,
446 1179 524 1249 quale
535 1195 589 1232 non
600 1178 741 1248 perfectius

155 1261 158 1267 ·
202 1249 270 1302 Meae
281 1249 425 1303 laborarint
436 1266 574 1303 manus.-
852 1264 886 1314 60
960 1319 964 1326 ,

170 1317 241 1384 Quid
251 1319 365 1374 acciditi
384 1319 436 1374 Gur
447 1320 507 1372 dira
517 1317 634 1372 barbarae
645 1318 734 1373 minus

202 1389 311 1442 Venena
321 1389 422 1443 Medeae
434 1387 542 1443 valenti

168 1455 267 1524 Quibus
279 1476 310 1512 au
344 1459 419 1512 rbem
429 1460 501 1528 fugit
512 1459 571 1512 ulta
582 1457 709 1529 pallidam,

202 1527 296 1596 Magni
309 1477 425 1582 &acutia
437 1529 527 1596 filiam,

167 1596 255 1662 Quum
267 1597 345 1667 palla,
357 1597 419 1652 tabo
431 1616 528 1652 manue
539 1598 679 1666 imbutum,
690 1616 785 1654 novam

203 1666 329 1721 Incendio
340 1674 454 1737 nuptam
465 1667 583 1722 abstulit.

167 1735 252 1806 Atqui
264 1755 313 1791 neo
324 1737 405 1791 herba
416 1755 465 1790 neo
476 1737 562 1790 latens
573 1737 602 1791 in
614 1738 713 1807 asperia

202 1807 290 1860 Radix
301 1806 398 1861 fefellit
409 1824 452 1862 me
463 1807 535 1860 locia'

167 1875 297 1931 Indormit
309 1877 397 1930 unctis
409 1877 527 1930 omnium
539 1876 670 1931 eubilibus

203 1946 339 2000 Obliviona
351 1946 483 2015 pellicum.
851 1951 886 2004 70

165 2014 210 2068 An
221 2015 270 2072 ah!
290 2016 392 2069 solutus
403 2015 522 2070 ambulat
534 2017 655 2072 veneficae

202 2083 355 2139 Seientioria
368 2087 491 2140 carmine.

165 2153 225 2208 Non
237 2156 350 2222 usitatis,
363 2155 439 2224 Vara,
451 2155 608 2226 potionibus,

200 2223 222 2278 Ο
233 2225 320 2278 multa
331 2225 455 2279 fleturum
466 2232 555 2295 caput,

164 2291 207 2346 Ad
218 2309 261 2345 me
272 2311 389 2347 recurres
400 2313 449 2347 nec
460 2301 554 2348 vocata
564 2312 638 2350 mena
650 2303 698 2351 tua

200 2361 297 2415 Marsis
308 2363 405 2416 redibit
416 2363 530 2419 vocibus.

165 2430 253 2554 Mag'ua
265 2432 370 2516 parthe,
382 2435 467 2502 majus
479 2435 619 2488 infundam
631 2435 681 2491 tibi

223 2501 359 2556 aetrdrentr
371 2503 502 2572 poculum,

165 2569 293 2642 Priuaque
305 2573 401 2627 coelum
412 2573 480 2630 sidet
491 2574 602 2631 inferius
612 2577 687 2646 mari,
