2014 2810
102 13 154 76 17⁰
424 21 577 77 nouum
599 23 603 28 '

99 119 214 187 Porrigis
227 119 293 172 irato
305 136 385 188 puero
398 137 480 187 quum
492 136 577 188 poma,
590 127 699 176 recussi*

101 188 117 214 “
126 187 213 258 Sume,
225 191 350 247 catelle!”
374 193 400 247 N
401 198 465 262 eget
476 212 484 257 ;
503 194 525 244 si
537 210 591 245 non
602 193 656 260 des,
668 197 759 262 optet:
778 196 884 245 ametor

100 259 231 315 Exclusus
244 264 291 331 qui
304 265 393 332 distet,
405 268 462 333 egit
475 266 521 316 ubi
533 281 629 330 secum,
641 273 692 331 eet,
706 283 740 318 en
753 282 813 330 non,
840 269 897 319 260

102 328 160 392 Quo
171 333 304 386 rediturus
316 343 373 387 erat
384 352 437 386 non
449 335 595 400 arcessitus,
608 341 635 386 et
646 335 729 388 haeret

100 398 196 452 Invisis
209 402 323 457 foribusl
342 404 420 458 “Nec
432 403 528 472 nuncl,
542 421 625 472 quum
637 423 680 457 me
692 407 771 457 vocet
782 403 864 473 ultro,

101 468 249 524 Accedant
267 490 301 526 en
314 475 401 544 potius
412 475 525 527 mediter
536 475 611 527 finire
624 475 745 533 dolores?

98 542 239 606 Exclusit;
257 548 379 595 revocet:
397 542 522 594 redeeml
539 541 607 609 Non,
619 541 642 595 si
658 541 799 596 obsecret.”
823 549 898 597 Ecce

100 613 195 666 Servus
207 629 260 664 non
273 612 362 681 paullo
375 611 535 679 sapientior:
552 611 599 663 “0
612 611 681 675 here,
694 628 753 680 quse
765 629 806 665 res

97 679 124 732 N
125 698 153 733 ec
165 680 273 733 modum
284 680 365 732 hebet
377 696 461 747 neque
473 678 619 746 consilium,
632 680 734 732 ratione
746 681 876 749 modoque

98 749 216 804 Tractori
229 768 281 802 non
294 749 359 802 vult.
395 748 428 800 In
440 766 527 800 amors
539 749 597 801 haec
610 756 673 801 sunt
683 749 762 816 melo,
773 748 883 817 bellum,
901 781 905 792 ·

98 819 156 872 Pax
168 837 286 872 rursum:
305 819 360 870 haec
373 818 394 870 si
408 818 467 886 quis
479 819 643 886 tempestatis
656 836 736 888 prope
747 819 802 872 ritu

98 887 208 941 Mobilis
220 895 247 940 et
260 905 329 940 eaeco
340 887 476 939 fluitantis
488 893 556 940 sorte
568 887 669 940 laboret

99 957 216 1010 Reddere
229 964 300 1010 certe
313 956 370 1025 sibi,
382 957 466 1009 nihilo
479 957 539 1026 plus
552 956 674 1026 explicet,
687 958 754 1012 acsi
840 957 897 1012 270

99 1028 217 1080 Insenire
230 1033 304 1096 peret
317 1033 389 1079 certe
400 1027 502 1079 ratione
514 1027 668 1095 modoque.’'

99 1097 176 1163 Quid,
189 1115 270 1166 quum
284 1097 387 1149 Picenis
399 1112 541 1164 excerpens
554 1097 654 1151 semine
666 1097 750 1166 pomis

99 1167 208 1231 Gaudes,
221 1167 243 1218 si
255 1183 385 1219 cameram
397 1166 512 1234 percusti
524 1166 599 1232 forte,
612 1184 691 1234 penes
704 1174 731 1220 te
743 1166 789 1220 esl

99 1236 177 1303 Quid,
189 1254 272 1306 quum
284 1235 363 1289 balbe
375 1236 438 1287 feris
449 1252 547 1287 annoso
560 1235 639 1288 verba
651 1236 748 1304 peleto,

98 1305 257 1359 AEdificsnte
269 1323 341 1359 ceses
354 1305 402 1372 qui
415 1303 518 1357 seniori
537 1305 614 1358 Adde
626 1323 744 1358 cruorem

98 1375 225 1429 Stultitiae
238 1382 317 1446 utque
330 1375 418 1442 ignem
430 1374 519 1442 gladio
529 1382 652 1429 scrutere.
678 1375 766 1443 Modo,
775 1374 894 1445 inquam,

99 1445 212 1498 Hellade
225 1461 347 1514 percusso
358 1443 459 1495 Marius
472 1461 554 1512 quum
567 1444 717 1514 praecipitst
729 1463 764 1512 se,

99 1514 215 1569 Gemitus
227 1513 299 1567 fuiti
317 1531 352 1568 en
364 1520 500 1566 commotae
513 1513 623 1566 crimine
635 1515 732 1567 mentis

98 1585 224 1638 Absolves
236 1584 369 1637 homiuem
381 1589 408 1636 et
420 1582 523 1636 sceleris
535 1582 672 1636 damnabis
685 1583 806 1650 eundem,

98 1653 141 1706 Ex
153 1671 224 1707 more
237 1654 372 1723 imponens
385 1661 498 1720 cognate
510 1652 639 1706 vocabule
650 1653 745 1708 rebusl
841 1655 895 1706 280

98 1721 249 1776 Libertinus
262 1730 326 1790 eret,
339 1722 385 1790 qui
398 1722 497 1774 circum
509 1722 625 1791 compito
637 1723 722 1775 siccus

96 1793 188 1846 Lentis
199 1805 276 1842 mene
289 1804 368 1840 senex
380 1789 502 1839 munibus
514 1790 643 1854 currebat,
655 1797 690 1853 et,
702 1789 717 1815 ‘⁶
727 1787 823 1854 Unum,
834 1814 870 1826 —

98 1861 169 1922 Quid
178 1867 232 1912 tem
240 1855 385 1924 megnuml
403 1856 630 1922 addens—uuum
637 1874 680 1908 me
688 1856 788 1924 surpite
795 1855 889 1910 morti!

95 1929 145 1982 Dis
158 1928 256 1981 etenim
267 1925 345 1978 focile
357 1923 420 1987 est,’'
432 1925 541 1989 orabam
559 1943 637 1978 sanus
649 1925 768 1993 utrisque

93 1993 210 2048 Auribus
222 2000 303 2062 atque
314 1991 412 2055 oculis;
429 2002 552 2058 mentem,
565 1994 616 2046 nisi
628 1995 767 2063 litigiosus,

93 2064 235 2133 Exciperet
243 2063 373 2126 dominus,
382 2078 466 2129 quum
473 2061 605 2116 venderet.
616 2063 673 2116 IIoc
681 2082 785 2134 quoque
792 2066 888 2135 vulgus

95 2134 258 2201 Chrysippus
270 2132 345 2200 ponit
357 2129 472 2183 fecunde
483 2132 512 2182 in
524 2138 603 2198 gente
616 2132 732 2188 Meneni.

96 2204 110 2230 “
120 2202 236 2271 Jupiter,
249 2203 369 2272 ingentes
381 2205 428 2274 qui
441 2205 488 2259 des
500 2206 647 2277 adimisque
660 2211 785 2280 dolores,”

93 2271 182 2324 Mat-er
194 2275 232 2325 ait
245 2275 319 2341 pueri
331 2293 432 2328 menses
442 2279 499 2343 jem
512 2279 629 2346 quinque
642 2280 770 2349 cubantis,

94 2343 109 2368 “
119 2341 228 2409 Frigida
240 2344 261 2393 si
275 2360 386 2411 puerum
399 2355 530 2412 quartana
542 2348 686 2418 reliquerit,
698 2351 746 2404 illo
840 2357 889 2407 290

94 2408 174 2462 Mane
187 2411 237 2476 die,
250 2428 301 2479 quo
315 2423 345 2464 tu
358 2414 452 2466 indicis
461 2417 573 2485 jejunia,
585 2419 673 2470 nudus

96 2477 131 2532 ln
144 2478 231 2533 'liberi
243 2479 347 2536 stabit.”
384 2484 465 2537 (lesus
477 2487 628 2541 medicusve
639 2488 736 2544 leserit

428 2569 556 2614 suenone
