2006 2814
405 65 472 120 ΔΗΒ
489 63 648 120 Poimen
864 63 916 118 239

132 167 268 232 Converds
280 166 374 221 studiis
386 170 449 219 aetus
460 165 613 232 animusque
625 163 708 218 virilis

132 237 234 302 Quaerit
245 254 306 306 opes
318 243 345 290 et
357 235 493 301 amicitias,
506 233 614 288 inservit
626 233 733 300 honori!

131 307 295 360 Commisisse
306 311 382 360 caret
394 304 462 374 quod
474 321 535 356 mox
547 310 649 356 mutere
662 303 768 358 laboret.

130 375 221 430 Multa
232 393 320 429 senem
332 373 542 428 circumveniunt
553 372 723 438 incommoda,
736 373 777 426 vel
790 371 859 442 quod

132 445 232 511 Quaerit
243 451 271 499 et
282 445 397 498 inventis
408 444 487 496 miser
497 442 612 496 abstinet
623 459 654 495 ac
667 441 742 496 timet
754 443 805 509 uti,
868 441 918 496 170

131 513 182 568 Vel
194 514 263 584 quod
274 531 315 567 res
327 531 415 567 omnes
428 512 520 566 timide
531 511 668 580 gelideque
679 512 819 580 ministrat,

130 582 243 652 Dilutor,
255 599 300 652 spe
312 583 413 651 longus,
425 583 502 650 iners,
514 581 657 649 avidusque
669 581 762 648 futuri,

130 653 260 720 Difficilis,
273 653 404 721 querulus,
417 652 538 705 laudator
549 648 673 731 temporis
685 649 739 702 acti

130 721 165 776 Se
195 739 265 788 uero,
277 722 418 791 castigator
431 737 571 789 censorque
583 735 721 772 minorum.

110 823 113 830 ·
130 739 219 845 Multa
230 792 319 844 ierunt
330 791 394 844 enni
406 790 540 844 venientes
551 788 686 843 commode
698 805 799 854 secum;

130 859 221 914 Mults
231 860 381 914 recedentes
393 859 522 914 adimunt.
556 859 597 912 Ne
609 859 677 911 forte
689 858 782 912 seniles

130 928 294 983 Mondentur
302 930 395 998 juveni
407 935 495 998 partes
507 944 640 996 pueroque
652 927 747 996 viriles,

130 997 240 1069 Semper
250 999 280 1052 in
292 999 425 1066 adjunctis
436 1014 543 1067 sevoque
555 997 714 1050 morabimur
725 997 802 1066 aptis.

132 1068 189 1122 Aut
200 1069 290 1137 egitur
300 1085 341 1121 res
353 1068 382 1120 in
394 1067 477 1120 scenis
488 1073 536 1120 aut
548 1074 608 1118 ecte
619 1067 740 1120 refertur.

131 1135 244 1206 Segnius
256 1138 362 1190 irritant
374 1137 474 1190 animos
486 1136 597 1189 demisse
609 1153 656 1204 per
667 1153 764 1203 aurem,
870 1137 920 1189 180

132 1205 217 1272 Quem
230 1223 288 1276 quae
300 1212 362 1259 sunt
374 1206 455 1260 oculis
467 1205 585 1274 subjectu
597 1203 717 1257 fidelibus
729 1212 827 1274 etque

131 1274 193 1346 Ipse
204 1276 254 1328 sibi
265 1275 348 1329 trudit
360 1281 503 1345 spectator:
522 1290 575 1327 non
587 1281 675 1326 temen
687 1274 761 1326 intus

131 1344 221 1414 Digne
232 1345 288 1414 geri
299 1362 401 1415 promes
412 1345 442 1398 iu
453 1361 557 1398 scenem
569 1343 706 1412 multaque
718 1342 794 1396 tolles

131 1413 175 1470 Ex
186 1415 274 1482 oculis,
287 1432 345 1483 quse
356 1431 419 1468 mox
430 1419 519 1468 ner-ret
530 1413 655 1466 facundie
667 1427 788 1483 presens.

131 1483 172 1538 Ns
184 1501 277 1554 pueros
289 1501 376 1538 corum
386 1483 484 1554 ,populo
496 1482 590 1536 Medea
602 1483 723 1550 trucidet,

131 1555 188 1608 Aut
199 1553 316 1607 humens
362 1553 415 1606 lum
427 1558 521 1620 coquet
533 1557 596 1605 exte
607 1552 723 1604 nefarius
735 1551 837 1619 Atreus,

131 1623 188 1677 Aut
199 1622 228 1675 in
239 1639 315 1676 avem
363 1639 426 1675 ocne
438 1627 564 1689 vertetur,
577 1620 689 1674 Gedmus
701 1621 729 1672 in
741 1637 862 1688 anguem.

132 1692 312 1762 Quodcunque
323 1690 438 1744 ostendis
449 1689 516 1744 mihi
528 1691 572 1758 sic,
584 1689 734 1743 incredulus
747 1689 797 1746 odi.

131 1760 204 1816 Neve
215 1761 301 1814 minor
311 1777 364 1814 neu
376 1760 411 1813 sit
423 1759 515 1828 quinto
527 1759 679 1829 productior
689 1765 752 1812 ectu

132 1829 241 1899 Fabula,
253 1847 313 1900 quae
324 1829 395 1900 posci
407 1829 467 1884 vult
478 1835 505 1882 et
517 1834 635 1899 spectate
646 1829 753 1898 reponi:
870 1830 921 1881 luo

133 1899 188 1953 Nec
200 1901 271 1954 Deus
282 1900 395 1967 intersit,
407 1899 459 1952 nisi
471 1898 567 1967 dignus
579 1898 682 1951 vindice
695 1897 779 1952 nodus

133 1969 273 2034 Inciderit;
290 1986 339 2023 nec
352 1973 446 2038 quarte
457 1969 530 2038 loqui
542 1985 651 2038 persone
662 1967 769 2024 laboret.

133 2037 237 2091 Actoris
249 2044 336 2106 partes
348 2039 441 2092 chorus
453 2038 620 2106 officiumque
631 2037 707 2090 virile

123 2106 274 2174 Defendet,
286 2123 339 2159 neu
351 2107 414 2176 quid
425 2108 524 2161 medios
535 2107 677 2160 intercinat
688 2111 771 2171 ectus,

133 2175 212 2237 Quod
223 2191 277 2227 non
306 2177 419 2245 reposito
430 2177 560 2230 conducet
572 2182 599 2230 et
611 2176 710 2230 hier-eet
721 2181 791 2246 epte.

133 2244 183 2298 Ille
195 2243 270 2298 bonis
309 2250 422 2313 veetque
433 2251 461 2298 et
472 2246 623 2300 consilietur
634 2246 726 2314 amice,

132 2313 169 2368 Et
180 2319 256 2382 reget
267 2313 347 2367 iratos
358 2319 386 2367 et
397 2319 468 2367 emet
479 2332 573 2384 pecare
585 2321 731 2379 tumentes;

133 2382 184 2437 Ille
195 2383 275 2453 depes
287 2383 378 2436 lsudet
389 2400 485 2436 menete
496 2383 589 2452 brevis,
601 2384 646 2437 ille
658 2384 789 2439 salubrem

133 2452 154 2507 J
154 2453 274 2507 ustitiam
284 2452 406 2536 legesque
417 2458 445 2505 et
456 2453 554 2522 apertis
565 2453 619 2506 otiu
630 2454 719 2523 portis,

133 2521 185 2576 Ille
195 2529 269 2592 teget
280 2539 417 2576 commisse
427 2521 547 2590 Deosque
559 2529 680 2592 precetur
690 2529 719 2577 et
729 2528 792 2593 oret,
868 2524 921 2578 200

135 2591 173 2646 Ut
183 2591 392 2663 redeetmiserrs,
403 2589 481 2649 ubet
492 2592 599 2648 fortune
610 2592 734 2663 superbis.
