2014 2810
106 87 156 144 tte
420 84 576 139 IlOllATlI

105 183 162 248 Quo
174 184 256 252 magis
269 184 310 236 his
323 184 419 250 credes,
433 203 498 252 puer
510 185 581 236 hunc
593 201 641 252 ego
654 201 750 253 porrus
763 184 890 238 Ofellum*

104 253 218 322 Integris
231 254 322 322 opibus
335 255 396 306 novi
409 272 460 306 non
474 255 554 307 latius
568 272 643 306 usum

104 322 189 386 Quum
202 341 272 376 nunc
285 325 382 376 accisis.
421 325 515 376 Videas
528 332 626 375 metato
639 323 666 374 in
679 323 763 392 agello

103 391 168 444 (lum
182 410 272 460 pecore
285 402 311 444 et
323 393 411 460 gnatis
423 395 517 446 fortem
530 393 647 445 mercede
660 393 787 458 colonum,

103 459 118 487 “
126 461 150 512 N
153 479 185 512 ou
199 461 271 526 ego‚''
285 474 443 528 narrantem,
457 465 579 516 “temere
592 462 635 514 edi
648 462 708 516 luce
720 463 836 531 profesto

103 530 254 598 Quidquam
267 538 363 598 praeter
375 531 432 582 olus
444 530 553 582 sumosae
566 547 626 581 cum
639 531 704 596 pede
717 547 812 596 pernae.

103 601 141 652 Ac
154 599 218 651 mihi
232 617 277 650 seu
290 599 398 666 longum
411 609 469 668 post
483 601 589 666 tempus
602 607 709 650 venerut
722 599 822 666 hospes,
846 621 851 632 ·

103 665 164 720 Sive
175 686 282 738 operum
295 686 376 720 vacuo
389 677 480 736 grutus
492 669 602 720 convive
614 684 660 735 per
671 666 782 718 imbrem

103 735 221 803 Vicinus,
233 737 299 790 bene
311 746 367 790 erat
379 755 431 789 non
444 737 558 806 piscibus
571 736 634 789 urbe
647 737 744 804 petitis,
843 740 891 789 120

102 805 153 860 seu
167 806 239 876 pullo
251 815 330 875 etque
343 807 430 869 haed03
449 813 507 858 tum
521 806 626 874 pensilis
639 823 692 858 uve
704 804 831 858 secundas

102 875 138 929 Et
151 894 206 928 nux
219 877 328 928 ornabat
341 892 442 928 mensas
455 893 515 928 cum
527 875 633 944 duplice
645 875 711 928 ficu:

102 943 165 998 Post
178 945 227 997 hoc
239 944 317 997 ludus
330 955 386 998 eret
398 945 476 1014 culpe
489 953 579 1014 potare
591 945 731 1012 magistru3

102 1013 142 1067 ric
155 1022 278 1066 venerata
291 1015 372 1082 Ceres,
385 1016 423 1067 its
435 1015 521 1067 culmo
535 1023 652 1082 surgeret
664 1014 727 1082 alto,

102 1082 240 1152 Explicuit
253 1083 313 1135 vino
326 1091 467 1137 contrectes
479 1085 546 1136 seria
558 1085 659 1136 frontis.

102 1151 201 1206 Soeviet
213 1162 292 1221 atque
304 1171 384 1206 noros
396 1160 499 1206 moreat
513 1153 630 1205 Fortuna
642 1152 781 1220 tumultus,
824 1150 891 1220 ivos,

104 1221 238 1286 Quantum
249 1223 310 1274 hinc
322 1222 478 1275 imminuetl
502 1223 606 1286 Quanto
616 1229 663 1274 eut
671 1240 719 1289 ego
731 1222 835 1290 parcius
844 1231 892 1276 sut

103 1290 125 1343 0
139 1293 220 1360 pueri,
233 1293 357 1357 nituistis,
370 1300 402 1345 ut
415 1293 466 1344 huc
479 1309 562 1344 novus
574 1292 659 1344 incola
673 1291 763 1344 reniti

73 1381 74 1390 ¹
102 1359 170 1414 Nem
184 1362 311 1430 propriae‘¹
324 1361 426 1414 telluris
439 1362 531 1413 herum
544 1370 639 1413 neturu
650 1378 736 1428 neque
747 1361 824 1413 illum

102 1428 157 1483 Nec
169 1449 211 1483 ms
223 1448 271 1482 nec
284 1448 441 1500 quemquam
453 1432 561 1482 stetuit:
580 1448 626 1482 nos
638 1430 742 1498 expulit
754 1431 798 1484 ille
808 1434 892 1499 ;,1βο

103 1499 183 1552 Illum
196 1508 244 1553 sut
256 1501 386 1569 nequities
398 1506 446 1553 sut
458 1501 525 1553 vafri
538 1500 642 1552 inscitie
650 1500 738 1582 juris,
752 1549 758 1559 ,
793 1532 798 1541 ‹
827 1499 829 1506 '
853 1554 870 1562 „

102 1567 267 1623 Postremum
279 1570 395 1640 expellet
407 1577 477 1624 certe
490 1570 604 1622 vivacior
617 1569 697 1622 heres.
706 1571 760 1624 ,pc

101 1637 127 1690 N
130 1657 180 1692 unc
192 1655 254 1708 ager
268 1640 392 1693 Umbreni
406 1640 454 1692 sub
465 1640 577 1704 nomine,
590 1656 673 1707 nuper
686 1637 791 1692 Ofellaee
829 1676 834 1687 .

102 1705 202 1774 Dictus,
216 1710 266 1760 erit
278 1711 344 1762 nulli
358 1710 485 1779 proprius,
498 1709 543 1761 sed
555 1708 630 1760 cedet
644 1709 671 1760 in
683 1725 761 1759 usum

101 1774 180 1829 Nunc
192 1778 264 1844 mihi,
278 1795 348 1832 nunc
360 1779 414 1832 alii
450 1779 576 1842 Quocirca
589 1778 670 1830 vivite
682 1778 770 1846 fortes,
851 1780 902 1857 ,⁶
992 1797 993 1816 i

101 1843 243 1916 Fortisque
255 1847 369 1901 adversis
381 1843 506 1917 opponite
517 1855 624 1916 pectore
635 1845 736 1900 rebus.”

395 2013 524 2069 SATIRA
542 2014 594 2068 III.

104 2113 120 2146 ‘⁸
133 2119 180 2173 Sro
192 2135 252 2172 raro
264 2119 363 2188 scribis,
375 2125 408 2172 ut
420 2126 477 2173 toto
489 2135 543 2172 non
555 2127 649 2189 quater
660 2134 731 2172 enno

102 2191 283 2246 Membransm
296 2209 393 2261 posces,
407 2193 562 2260 scriptorum
575 2207 685 2256 quaeque
696 2195 824 2255 retexens,

104 2261 191 2314 iratus
204 2262 260 2324 tibi,
273 2261 342 2328 quod
355 2260 410 2312 vini
423 2260 558 2327 somnique
570 2257 700 2326 benignus

102 2328 148 2383 Nil
161 2330 270 2398 dignum
284 2346 400 2382 sermone
412 2345 496 2380 cunas.
533 2327 602 2391 Quid
615 2327 677 2381 fietl
695 2329 743 2380 At‘
754 2325 818 2397 ipsis

102 2398 286 2455 Saturnalibus
298 2399 350 2450 huc
362 2398 462 2466 fugisti
498 2396 603 2450 Sobrius
615 2414 676 2464 ergo

102 2468 153 2524 Dic
166 2466 266 2534 aliquid
279 2468 388 2535 dignum
402 2466 545 2587 promissis:
565 2466 659 2534 incipe.
694 2466 740 2519 Nil
753 2471 800 2520 est.

13 2593 21 2607 λ
103 2535 251 2605 culpentur
263 2537 361 2590 frustm
373 2553 404 2589 cu
414 2537 473 2590 emi.
487 2536 685 2604 immeritusque
696 2535 799 2590 loborat

171 2620 286 2664 ‘Ofellum
382 2621 392 2650 θ
404 2625 487 2678 proprie
583 2624 670 2666 eos-111
765 2618 820 2668 ‘Ab

980 2513 987 2559 ι
